3792 6234
690 969 758 1019 v.
798 953 963 1018 301.
1440 941 1831 1018 LIBER
1931 943 2114 1018 XII.
2721 954 2856 1018 251

696 1109 1103 1218 Caesariem·
1137 1140 1322 1216 laeva
1352 1141 1637 1216 turbati
1675 1141 1982 1241 corripit
2015 1140 2266 1232 hostiS‚

694 1281 1212 1379 Impressoque
1250 1305 1455 1380 genu
1489 1281 1740 1354 nitens
1777 1293 1990 1354 terrae
2027 1279 2353 1379 applicat
2388 1279 2670 1378 ipsum:

588 1455 595 1464 ·
692 1417 810 1492 Sic
848 1418 1091 1516 rigido
1126 1419 1323 1492 latus
1360 1443 1537 1492 ense
1570 1416 1769 1492 ferit.
1880 1417 2294 1492 Podalirius
2329 1417 2594 1492 Alsum

695 1555 1099 1650 Pastorem,
1147 1529 1532 1655 primaque
1569 1557 1731 1630 acie
1767 1581 1902 1656 per
1935 1558 2091 1631 tela
2123 1569 2497 1649 ruentem,

696 1695 893 1770 Ense
928 1721 1245 1794 sequens
1282 1696 1489 1770 nudo
1528 1694 2136 1795 superimminet:
2195 1695 2320 1769 ille
2355 1695 2598 1770 securi

693 1815 1011 1910 Adversi
1044 1835 1375 1910 frontem
1412 1835 1739 1910 mediam
1772 1849 2268 1931 mentumque
2301 1833 2616 1907 reducta

694 1973 1017 2073 Disjicit‚
1066 1987 1145 2048 et
1179 1998 1430 2072 sparso
1464 1975 1617 2047 late
1659 1973 1858 2073 rigat
1893 1998 2102 2046 arma
2135 1996 2419 2047 cruore.

695 2112 847 2186 Olli
883 2114 1073 2187 dura
1106 2111 1315 2211 quies
1353 2113 1609 2186 oculos
1644 2125 1721 2186 et
1755 2110 2040 2186 ferreus
2078 2124 2302 2210 urget

696 2250 1049 2341 Somnus;
1110 2251 1189 2324 in
1224 2263 1581 2326 aeternam
1620 2250 2080 2324 clauduntur
2113 2248 2401 2323 lumina
2437 2259 2764 2323 noctem.

842 2389 949 2461 At
982 2389 1147 2488 pius
1174 2389 1447 2464 AEneas
1484 2388 1831 2463 dextram
1868 2387 2234 2463 tendebat
2267 2387 2656 2480 inermem,

697 2526 1013 2602 Nudato
1052 2527 1317 2627 capite,
1366 2539 1592 2626 atque
1626 2553 1797 2601 suos
1834 2528 2159 2601 clamore
2194 2527 2554 2600 vocabat:

698 2666 875 2751 Quo
910 2665 1169 2740 ruitis?
1222 2669 1475 2764 quaeve
1512 2667 1655 2741 ista
1690 2691 1956 2766 repens
1993 2665 2368 2740 discordia
2401 2665 2685 2765 surgit?

697 2804 767 2878 O
806 2805 1153 2880 cohibete
1190 2805 1370 2880 iras!
1430 2805 1662 2879 ictum
1690 2805 1851 2903 jam
1885 2803 2148 2898 foedus,
2197 2818 2274 2878 et
2310 2829 2570 2879 omnes

700 2943 1149 3043 Compositae
1184 2945 1427 3043 leges:
1485 2943 1671 3016 mihi
1702 2943 1827 3042 jus
1862 2967 2314 3018 concurrere
2353 2942 2525 3016 soli:

701 3082 835 3157 Me
870 3082 1115 3176 sinite,
1152 3066 1390 3180 'atque
1428 3081 1719 3155 auferte
1762 3093 2044 3157 metus:
2105 3107 2250 3180 ego
2282 3081 2566 3156 foedera
2598 3081 2781 3156 faxo

696 3221 947 3296 Firma
978 3247 1248 3296 manu:
1290 3222 1630 3295 Turnum
1656 3217 1815 3319 jam
1854 3221 2140 3294 debent
2171 3220 2329 3294 haec
2365 3219 2549 3294 mihi
2585 3242 2819 3294 sacra.

698 3361 856 3436 Has
894 3362 1094 3435 inter
1128 3385 1371 3452 voces»,
1418 3359 1670 3434 media
1704 3359 1906 3434 inter
1941 3359 2122 3433 talia
2153 3359 2404 3450 verba,

698 3498 900 3572 Ecce
937 3499 1097 3572 viro
1132 3498 1453 3572 stridens
1490 3498 1623 3572 alis
1660 3498 1940 3596 allapsa
1974 3496 2256 3596 sagitta
2289 3510 2440 3570 est:

701 3635 1091 3710 Incertum
1127 3660 1275 3733 qua
1307 3637 1519 3734 pulsa
1552 3661 1805 3728 manu,
1852 3659 2002 3734 quo
2037 3635 2340 3710 turbine
2377 3635 2684 3727 adacta3

704 3773 895 3858 Quis
933 3786 1227 3848 tantam
1262 3739 1561 3848 Rutulie
1596 3774 1919 3866 laudem,
1969 3799 2303 3867 casusne,
2350 3774 2656 3867 deusne,

700 3913 1103 3986 Attulerit:
1159 3937 1411 4010 pressa
1446 3926 1559 3988 est
1594 3912 1910 4012 insignis
1946 3914 2186 4013 gloria
2219 3912 2404 3988 facti
2423 3942 2444 4004 3

705 4051 876 4125 Nec
913 4075 1069 4126 sese
1099 4051 1351 4126 AEneae
1375 4049 1699 4150 jactavit
1732 4053 2045 4126 vulnere
2081 4052 2490 4150 quisquam.

846 4190 1169 4281 TurnuS,
1216 4202 1305 4265 ut
1332 4189 1623 4264 AEnean
1660 4189 2059 4265 cedentem
2099 4215 2196 4264 ex
2233 4189 2536 4290 agmine
2569 4188 2782 4283 vidit,

700 4328 1220 4429 Tui-batosque
1257 4328 1509 4421 duceS,
1555 4329 1803 4406 subita
1835 4355 1966 4430 spe
2002 4330 2330 4406 fervidus
2369 4329 2621 4405 ardet:

702 4467 955 4541 Poscit
990 4491 1217 4566 equos
1254 4479 1480 4566 atque
1514 4493 1723 4545 arma
1752 4469 1995 4562 simul,
2041 4469 2382 4568 saltuque
2419 4467 2778 4567 superbus

702 4605 1000 4681 Emicat
1036 4607 1115 4682 in
1152 4631 1479 4701 currum,
1525 4620 1604 4682 et
1640 4606 1986 4683 manibus
2021 4607 2327 4682 molitur
2359 4605 2710 4682 habenas.
