3792 6234
980 956 1113 1024 124
1830 948 2026 1025 AEN
2051 946 2266 1025 EIS.
2853 972 2922 1024 v.
2961 954 3134 1023 485.

968 1148 1447 1246 Componens
1482 1146 1976 1247 manibusque
2009 1172 2278 1223 manus
2311 1158 2536 1247 atque
2569 1145 2820 1222 oribus
2853 1169 3004 1237 ora,

962 1285 1350 1360 Tormenti
1386 1288 1663 1385 genus!
1716 1298 1795 1361 et
1826 1285 2036 1363 sanie
2071 1286 2394 1385 taboque
2427 1286 2746 1361 fluentes

965 1424 1387 1523 Complexu
1424 1424 1501 1499 in
1536 1426 1807 1501 misero
1840 1426 2071 1525 longa
2101 1425 2212 1501 sie
2245 1436 2487 1501 morte
2521 1424 2866 1501 necabat.

960 1565 1065 1638 At
1100 1563 1271 1637 fessi
1308 1563 1624 1639 tandem
1656 1564 1856 1639 cives
1892 1562 2208 1640 infanda
2236 1563 2620 1641 furentem

956 1703 1250 1777 Armati
1288 1703 1852 1779 circumsistunt
1888 1704 2278 1802 ipsumque
2312 1704 2806 1802 domumque:
2939 1710 2946 1716 ’

956 1840 1444 1916 Obtruncant
1480 1841 1757 1932 socios;
1816 1842 2074 1941 ignem
2111 1842 2206 1917 ad
2239 1840 2546 1942 fastigia
2567 1839 2890 1939 jactant.

957 1980 1096 2055 Ille
1133 1980 1334 2055 inter
1368 1982 1645 2057 caedem
1684 1983 2134 2058 Rutulorum
2171 1982 2460 2081 elapsus
2495 1982 2574 2057 in
2612 2006 2828 2081 agros

954 2117 1411 2220 Confugere,
1458 2135 1540 2195 et
1568 2120 1807 2195 Turni
1843 2118 2238 2195 defendier
2269 2120 2579 2220 hospitis
2614 2119 2858 2195 armis.

951 2256 1155 2357 Ergo
1189 2259 1431 2333 omnis
1465 2257 1679 2333 furiis
1714 2258 2042 2333 surrexit
2079 2258 2384 2333 Etruria
2402 2257 2626 2358 justis
2644 2286 2665 2349 ;

950 2394 1238 2495 Regem
1277 2395 1372 2470 ad
1406 2395 1851 2496 supplicium
1885 2396 2231 2496 praesenti
2267 2396 2520 2470 Marte
2555 2405 2977 2494 reposcunt.

947 2532 1087 2606 His
1124 2558 1269 2633 ego
1305 2547 1405 2626 te,
1450 2534 1709 2627 AEnea,
1759 2534 2152 2609 ductorem
2187 2534 2514 2609 millibus
2551 2534 2846 2609 addam,

942 2670 1139 2747 Toto
1172 2698 1500 2771 namque
1533 2672 1871 2748 fremunt
1907 2672 2304 2747 condensae
2338 2673 2590 2748 littore
2625 2696 2928 2771 puppes,

945 2809 1323 2909 Signaque
1354 2808 1553 2885 ferre
1575 2810 1890 2910 jubent:
1947 2810 2228 2886 retinet
2260 2812 2639 2911 longaevus
2675 2812 3071 2908 haruspex,

943 2947 1129 3023 Fata
1164 2973 1483 3025 canens:
1545 2950 1616 3023 O
1653 2949 1996 3023 Maeoniae
2029 2948 2327 3024 delecta
2347 2948 2734 3049 juventus»,

940 3086 1109 3161 Flos
1138 3100 1481 3162 veterum
1510 3088 1895 3185 virtusque
1931 3085 2192 3181 virum,
2233 3113 2416 3187 quos
2437 3086 2690 3187 justus
2723 3088 2804 3163 in
2837 3088 3130 3162 hostem

938 3223 1114 3299 Fert
1149 3224 1380 3318 dolor,
1429 3238 1507 3300 et
1540 3224 1813 3299 merita
1845 3223 2200 3299 accendit
2236 3226 2662 3300 Mezentius
2699 3225 2828 3319 ira,

940 3361 1159 3436 Nulli
1192 3362 1307 3437 fas
1346 3363 1543 3437 Italo
1578 3374 1871 3437 tantam
1907 3360 2360 3463 subjungere
2398 3342 2746 3463 gentem3

936 3500 1313 3574 Externos
1350 3511 1606 3599 optate
1642 3500 1895 3574 duces,
1988 3500 2180 3574 Tum
2218 3500 2538 3573 Etrusca
2571 3500 2852 3575 resedit

936 3638 1107 3711 Hoc
1146 3637 1343 3713 acies
1381 3663 1672 3737 camp0,
1717 3636 2022 3711 monitis
2060 3638 2424 3711 exterrita
2457 3636 2733 3711 divum.

935 3774 1108 3872 Ipse
1146 3790 1477 3852 oratores
1514 3776 1613 3849 ad
1648 3800 1771 3849 me
1806 3775 2173 3875 regnique
2209 3800 2564 3849 coronam

936 3911 1134 3985 Cum
1172 3924 1473 4009 sceptro
1505 3911 1731 4005 misit,
1778 3912 2238 4010 mandatque
2275 3913 2622 4013 insignia,
2659 3914 2979 4008 Tarcho,

928 4048 1343 4123 Succedam
1382 4051 1667 4143 castris,
1704 4051 2245 4147 Tyrrhenaque
2281 4074 2520 4149 regna
2552 4040 2972 4149 capessam.¹

928 4182 1073 4258 Sed
1112 4186 1295 4258 mihi
1330 4188 1548 4261 tarda
1582 4190 1762 4289 gelu
1797 4188 2176 4287 saeclisque
2211 4189 2440 4262 effeta
2473 4202 2822 4263 senectus

929 4320 1234 4396 Invidet
1268 4325 1687 4423 imperium,
1734 4350 2064 4421 seraeque
2107 4325 2203 4397 ad
2236 4323 2464 4398 fortia
2497 4324 2714 4399 vireS.

926 4458 1219 4533 Natum
1258 4463 1720 4555 exhortarer,
1766 4460 1849 4533 ni
1883 4462 2166 4537 mixtus
2201 4472 2439 4535 matre
2475 4461 2768 4536 Sabella

928 4594 1135 4669 Hinc
1167 4612 1455 4695 partem
1494 4598 1751 4698 patriae
1786 4596 2140 4671 traheret.
2233 4598 2372 4690 Tu,
2421 4598 2634 4698 cujus
2669 4613 2749 4676 et
2783 4601 3003 4676 annis
3123 4662 3132 4667 .
3209 4596 3216 4599 ’
