3792 6234
656 991 723 1039 v.
761 972 929 1048 459.
1390 963 1514 1039 LI
1541 964 1601 1037 B
1624 964 1687 1039 E
1713 964 1780 1039 R
1880 964 2101 1039 V111.
2701 976 2834 1045 123

657 1163 1004 1238 Demissa
1038 1163 1130 1236 ab
1165 1163 1356 1237 laeva
1393 1165 1774 1261 pantherae
1808 1177 2028 1263 terga
2060 1176 2518 1261 retorquens,

658 1303 831 1377 Nec
866 1328 1022 1376 non
1060 1314 1137 1375 et
1171 1302 1455 1401 gemini
1492 1303 1838 1377 custodes
1875 1302 2134 1377 limine
2170 1302 2263 1377 ab
2301 1304 2454 1377 alto

654 1441 1121 1534 Praecedunt‚
1166 1466 1652 1541 gressumque
1688 1466 1913 1516 canes
1949 1441 2411 1516 comitantur
2444 1443 2774 1519 herilem.

654 1579 989 1679 Hospitis
1023 1580 1277 1655 AEneae
1308 1580 1560 1655 sedem
1598 1593 1676 1655 et
1708 1592 2001 1654 secreta
2031 1581 2360 1679 petebat,

653 1718 1093 1793 Sermonum
1129 1742 1415 1793 memor
1449 1730 1528 1791 et
1562 1718 1897 1817 promissi
1934 1718 2282 1811 muneris,
2330 1720 2567 1798 heros.

653 1855 828 1930 Nec
866 1857 1111 1930 minus
1145 1857 1417 1930 AEneas
1454 1882 1532 1930 se
1569 1856 1986 1930 matutinus
2023 1858 2319 1956 agebat.

649 1994 877 2067 Filius
913 1994 1091 2068 huic
1128 1993 1389 2087 Pallas,
1440 1994 1546 2067 illi
1584 2018 1833 2068 comes
1871 1995 2030 2068 ibat
2057 1996 2407 2069 Achates.

652 2132 1055 2233 Congressi
1077 2131 1423 2233 jungunt
1458 2132 1785 2224 dextras»,
1833 2132 2246 2231 mediisque
2281 2131 2623 2210 residunt

646 2270 976 2363 AEdibus,
1026 2284 1105 2346 et
1138 2272 1350 2345 licito
1382 2270 1692 2345 tandem
1730 2295 2071 2344 sermone
2105 2270 2482 2345 fruuntur.

647 2409 815 2484 Rex
850 2410 1052 2508 prior
1086 2411 1281 2485 haec:

648 2547 990 2622 Maxime
1018 2549 1480 2621 Teucrorum
1518 2548 1808 2640 ductor,
1858 2572 2007 2645 quo
2039 2549 2312 2646 sospite
2349 2573 2760 2647 numquam

645 2685 792 2760 Res
828 2685 1176 2784 equidem
1209 2684 1447 2784 Trojae
1480 2687 1719 2759 victas
1758 2700 1889 2759 aut
1923 2712 2163 2785 regna
2193 2685 2508 2779 fatebor,

644 2824 885 2899 Nobis
924 2824 1017 2898 ad
1056 2823 1233 2898 belli
1270 2823 1637 2899 auxilium
1671 2849 1807 2923 pro
1843 2824 2149 2898 nomine
2184 2838 2402 2899 tanto

642 2961 961 3061 Exiguae
994 2963 1224 3036 vires:
1282 2962 1463 3036 hinc
1499 2963 1748 3036 Tusco
1784 2963 2207 3036 claudimur
2241 2963 2442 3036 amni
2462 2990 2481 3053 3

643 3101 852 3175 Hine
880 3102 1203 3175 Rutulus
1240 3100 1537 3199 premit,
1586 3112 1663 3174 et
1699 3125 1997 3174 murum
2036 3100 2544 3174 circumsonat
2579 3101 2822 3177 armis.

642 3239 785 3314 Sed
821 3238 957 3313 tibi
995 3263 1139 3338 ego
1173 3238 1521 3339 ingentes
1556 3239 1867 3337 populos
1905 3240 2410 3337 opulentaque
2444 3240 2698 3339 regnis

639 3378 685 3451 J
693 3402 980 3477 ungere
1016 3390 1262 3450 castra
1298 3402 1517 3475 paro:
1577 3402 1801 3476 quam
1837 3376 1991 3451 fors
2027 3377 2338 3476 inopina
2370 3377 2686 3452 salutem

640 3518 997 3591 Ostentat
1015 3547 1035 3607 3
1093 3516 1267 3590 fatis
1304 3518 1456 3591 hue
1488 3529 1568 3591 te
1602 3517 2084 3615 poscentibus
2121 3515 2360 3590 affers,

640 3656 869 3730 Haud
906 3657 1165 3755 procul
1203 3655 1383 3729 hinc
1420 3679 1604 3728 saxo
1639 3653 2000 3729 incolitur
2031 3653 2353 3730 fundata
2385 3667 2682 3729 vetusto

638 3794 865 3870 Urbis
900 3795 1275 3893 Agyllinae
1310 3794 1543 3885 sedeS,
1592 3793 1721 3868 ubi
1759 3793 2002 3892 Lydia
2035 3793 2414 3890 quondam

639 3934 873 4025 GenS,
921 3933 1117 4007 bello
1152 3932 1525 4031 praeelara,
1576 3930 1784 4032 jugis
1822 3931 2099 4006 insedit
2135 3931 2488 4005 Etruscis.

638 4070 863 4144 Hanc
899 4072 1175 4145 multos
1210 4071 1603 4144 florentem
1641 4064 1879 4145 annos
1912 4094 2049 4143 rex
2085 4069 2359 4144 deinde
2397 4068 2716 4168 superbo

636 4208 965 4308 Imperio
1002 4222 1080 4282 et
1114 4208 1319 4282 saevis
1354 4209 1606 4282 tenuit
1642 4208 2070 4282 Mezentius
2107 4207 2348 4283 armis,

639 4346 846 4433 Quid
882 4371 1289 4420 memorem
1325 4345 1673 4421 infandas
1708 4347 1966 4436 caede8‚
2013 4346 2192 4445 quid
2229 4346 2438 4420 facta
2471 4346 2777 4445 tyranni

634 4484 931 4560 Effera?
984 4485 1089 4559 Di
1127 4485 1354 4584 capiti
1392 4484 1617 4583 ipsius
1653 4486 2067 4584 generique
2100 4485 2520 4558 reservent!

637 4623 949 4698 Mortua
982 4624 1167 4723 quin
1204 4624 1430 4701 etiam
1454 4622 1835 4724 jungebat
1868 4647 2182 4722 corpora
2213 4621 2421 4715 viviS‚
