3792 6234
962 999 1105 1068 242
1822 991 1916 1065 AE
1937 991 2018 1065 N
2044 989 2108 1066 E
2133 991 2169 1064 I
2196 991 2262 1065 S.
2583 1023 2602 1036 ·
2897 1013 2964 1062 v.
3005 998 3120 1068 72.

962 1191 1415 1290 Prosequere
1450 1191 1527 1264 in
1566 1189 1735 1263 duri
1772 1190 2187 1264 certamina
2225 1187 2492 1262 Martis
2529 1199 2857 1278 euntem,

959 1329 1030 1402 O
1062 1343 1339 1403 mater:
1396 1353 1641 1426 neque
1680 1328 1879 1402 enim
1909 1331 2168 1402 Turno
2204 1352 2412 1401 mora
2445 1324 2680 1400 libera
2713 1323 2993 1398 mortis.

958 1468 1299 1543 Nuntius
1336 1470 1513 1560 haec,
1561 1467 1854 1559 Idmon,
1897 1465 2228 1566 Phrygio
2263 1491 2432 1540 mea
2468 1466 2674 1539 dicta
2706 1479 3034 1563 tyranno

958 1605 1186 1679 Haud
1221 1607 1591 1707 placitura
1627 1605 1857 1681 refer:
1915 1632 2145 1703 quum
2182 1604 2502 1703 primum
2539 1603 2867 1678 crastina
2901 1603 3086 1677 coelo

956 1743 1305 1819 Puniceis
1342 1746 1645 1820 invecta
1676 1745 1857 1818 rotis
1892 1745 2184 1817 Aurora
2217 1742 2566 1834 rubescit,

959 1883 1141 1956 Non
1171 1885 1499 1957 Teucros
1536 1895 1715 1982 agat
1750 1882 1827 1956 in
1858 1882 2214 1957 Rutulos:
2255 1881 2629 1956 Teucrum
2666 1905 2874 1954 arma
2901 1880 3141 1978 quies-

1106 2032 1287 2096 cant

954 2158 1055 2233 Et
1088 2159 1489 2234 Rutulum:
1548 2173 1805 2235 nostro
1841 2162 2274 2235 dirimamus
2311 2160 2680 2259 sanguine
2715 2157 3034 2232 bellum:

953 2296 1098 2371 Illo
1134 2313 1505 2396 quaeratur
1540 2298 1817 2399 conjux
1856 2299 2172 2374 Lavinia
2205 2323 2491 2398 campo,

1104 2437 1287 2510 Haec
1324 2438 1450 2512 ubi
1486 2438 1693 2512 dicta
1727 2438 1958 2530 dedit,
2006 2437 2306 2536 rapidus
2343 2437 2420 2510 in
2458 2448 2667 2510 tecta
2701 2435 3044 2510 recessit:

954 2574 1205 2649 Poscit
1238 2600 1484 2673 equos,
1531 2576 1960 2676 gaudetque
1997 2589 2216 2650 tuens
2253 2589 2431 2649 ante
2467 2600 2598 2648 ora
2632 2573 3058 2667 frementeS,

956 2713 1303 2787 Pilumno
1336 2739 1517 2811 quos
1555 2714 1711 2812 ipsa
1744 2715 1974 2788 decus
2013 2714 2224 2788 dedit
2260 2714 2644 2812 Orithyia3

954 2851 1111 2937 Qui
1150 2852 1473 2925 can‘dore
1510 2852 1721 2926 nives
1758 2854 2156 2944 anteirent,
2207 2852 2542 2926 cursibus
2584 2877 2820 2926 auras.

955 2989 1470 3064 Circumstant
1505 2990 1796 3089 properi
1836 2991 2130 3090 aurigae,
2179 2991 2671 3088 manibusque
2707 2990 3084 3063 lacessunt

952 3129 1271 3202 Pectora
1303 3130 1560 3228 plausa
1598 3131 1817 3223 caviS,
1868 3143 1945 3204 et
1981 3132 2174 3204 colla
2211 3133 2590 3205 comantia
2625 3142 2963 3230 pectunt.

952 3266 1121 3366 Ipse
1159 3267 1435 3341 dehinc
1474 3293 1654 3342 auro
1690 3270 2155 3366 squalentem
2195 3266 2511 3367 alboque
2553 3268 2930 3342 orichalco

953 3404 1396 3480 Circumdat
1430 3407 1737 3480 loricam
1773 3407 2140 3480 humeris:
2199 3407 2416 3480 simul
2456 3417 2666 3504 aptat
2702 3405 3048 3479 habendo

948 3543 1394 3643 Ensemque,
1445 3545 1960 3644 clypeumque,
2011 3558 2088 3618 et
2121 3545 2360 3619 rubrae
2397 3569 2682 3618 cornua
2717 3544 2992 3632 cristae3
3090 3578 3119 3609 ι

951 3681 1250 3774 Ensem,
1297 3709 1517 3780 quem
1558 3685 1835 3757 Dauno
1874 3683 2305 3784 ignipotens
2341 3683 2524 3758 deus
2565 3685 2718 3781 ipse
2757 3653 3050 3782 parenti

951 3818 1282 3912 Fecerat,
1332 3834 1408 3893 et
1442 3821 1703 3920 Stygia
1738 3823 2190 3896 candentem
2229 3821 2564 3895 tinxerat
2601 3821 2824 3894 unda.

949 3955 1173 4050 Exin,
1220 3985 1380 4055 quae
1415 3960 1677 4033 mediis
1714 3961 2012 4058 ingenti
2049 3960 2330 4034 adnixa
2367 3961 2732 4034 columnae

951 4095 1259 4169 AEdibus
1298 4096 1659 4189 adstabat,
1705 4099 2032 4171 validam
2070 4099 2143 4172 vi
2181 4097 2486 4198 corripit
2521 4101 2833 4191 hastam,

950 4234 1246 4307 Actoris
1283 4235 1623 4308 Aurunci
1660 4236 1995 4334 spolium,
2043 4249 2495 4334 quassatque
2529 4250 3003 4329 trementem,

951 4372 1431 4448 Vociferans:
1491 4374 1748 4467 Nune,
1795 4400 1841 4447 o
1875 4399 2286 4474 numquam
2322 4374 2682 4450 frustrata
2715 4389 3026 4450 vocatus

956 4511 1193 4584 Hasta
1228 4536 1452 4605 meos,
1486 4538 1696 4587 nunc
1726 4527 2017 4612 tempus
2055 4515 2302 4588 adest:
2347 4525 2422 4587 te
2451 4513 2824 4589 maximus
2855 4514 3110 4606 Actor,

950 4650 1059 4724 Te
1086 4649 1325 4724 Turni
1358 4677 1567 4726 nunc
1602 4652 1872 4726 dextra
1907 4652 2140 4752 gerit:
2199 4651 2298 4726 da
2331 4665 2664 4726 sternere
2701 4676 2990 4750 corpuS,
