3792 6234
915 958 1010 1027 34-
1767 948 1862 1025 AE
1883 950 1963 1025 N
1986 948 2053 1027 E
2076 950 2115 1026 Ι
2138 952 2203 1029 S.
2790 973 2861 1027 v.
2904 956 3065 1025 840.

914 1147 1208 1222 Insonti
1227 1176 1246 1237 3
1303 1147 1677 1248 puppique
1711 1148 1894 1223 deus
1934 1148 2276 1225 consedit
2308 1147 2389 1221 in
2423 1148 2597 1240 alta,

912 1286 1322 1361 Phorbanti
1355 1285 1610 1363 similis
1630 1315 1649 1377 3
1707 1286 2106 1385 funditque
2140 1288 2274 1361 has
2310 1311 2436 1361 ore
2472 1286 2839 1384 loquelas:

911 1424 1158 1499 Iaside
1193 1424 1562 1518 Palinure,
1607 1425 1867 1501 ferunt
1900 1425 2059 1524 ipsa
2096 1428 2390 1523 aequora
2424 1426 2772 1515 classem3

909 1564 1244 1661 AEquatae
1277 1563 1562 1661 spirant
1594 1588 1790 1637 aurae
1807 1590 1826 1654 ;
1887 1563 2111 1637 datur
2143 1563 2329 1636 hora
2362 1562 2633 1659 quieti:
2711 1593 2716 1597 ·

910 1699 1116 1774 Pone
1153 1713 1398 1799 caput,
1441 1700 1817 1799 fessosque
1851 1700 2105 1774 oculos
2137 1698 2389 1774 furare
2424 1699 2681 1774 labori.

909 1838 1078 1937 Ipse
1113 1862 1256 1939 ego
1290 1837 1662 1937 paulisper
1695 1862 1828 1937 pro
1863 1849 1942 1911 te
1975 1848 2111 1912 tua
2144 1862 2458 1911 munera
2492 1819 2719 1911 inibo·

911 1975 1058 2049 Cui
1092 1975 1220 2049 vix
1256 1976 1604 2050 attollens
1641 1975 2035 2050 Palinurus
2070 1976 2357 2050 lumina
2388 1974 2632 2049 fatur:

909 2112 1146 2188 Mene
1179 2113 1350 2187 salis
1383 2112 1658 2213 placidi
1693 2114 1985 2187 vultum
2023 2114 2443 2211 fluctusque
2476 2112 2766 2212 quietos

909 2248 1273 2349 Ignorare
1295 2248 1560 2348 jubes?
1611 2274 1832 2324 mene
1865 2249 2045 2324 huic
2082 2250 2457 2325 confidere
2498 2252 2878 2324 monstro?

905 2388 1200 2462 AEnean
1240 2388 1540 2461 credam
1577 2387 1756 2485 quid
1792 2387 1993 2462 enim
2030 2386 2422 2462 fallacibus
2453 2388 2770 2481 Austris,

910 2524 1013 2599 Et
1049 2525 1214 2598 coeli
1249 2526 1470 2599 toties
1505 2524 1862 2624 deceptus
1897 2524 2162 2601 fraude
2198 2526 2487 2600 sereni?

907 2656 1123 2736 Talia
1154 2662 1361 2737 dicta
1393 2662 1658 2754 dabat3
1718 2665 2161 2763 clavumque
2196 2664 2459 2737 affixus
2496 2676 2573 2738 et
2606 2666 2891 2739 haerens

911 2800 1306 2897 Nusquam
1341 2802 1755 2893 amittebat,
1802 2804 2202 2901 oculosque
2236 2776 2609 2877 sub'astra
2642 2803 2989 2877 tenebat:

908 2936 1113 3012 Ecce
1147 2938 1328 3012 deus
1363 2964 1652 3014 ramum
1689 2940 1989 3015 Lethaeo
2024 2965 2189 3015 rore
2222 2941 2676 3035 madentem,

910 3074 1158 3173 Vique
1190 3087 1616 3175 soporatum
1651 3077 1929 3177 Stygia,
1978 3102 2199 3177 super
2230 3090 2546 3176 utraque
2582 3090 2882 3177 quassat

908 3212 1277 3313 Tempora
1295 3242 1316 3306 ;
1375 3190 1917 3313 cunctantique
1952 3218 2296 3291 natantia
2329 3216 2615 3291 lumina
2646 3218 2889 3293 solvit.

909 3350 1066 3425 Vix
1099 3353 1374 3450 primos
1411 3352 1719 3453 inopina
1754 3354 1961 3450 quies
1998 3354 2385 3428 laxaverat
2419 3368 2661 3446 artus;

910 3487 1012 3563 Et
1045 3514 1266 3589 super
1301 3490 1764 3584 incumbenS,
1814 3516 1987 3565 cum
2022 3492 2285 3591 puppis
2323 3504 2533 3591 parte
2568 3492 2879 3586 revulsa,

914 3628 1258 3727 Cumque
1292 3630 1775 3729 gubernac10‚
1822 3629 2139 3728 liquidas
2178 3629 2490 3729 projecit
2525 3632 2603 3705 in
2639 3630 2881 3705 undas

911 3764 1394 3866 Praecipitem,
1442 3791 1531 3840 ac
1565 3766 1801 3841 socios
1836 3768 2343 3866 nequidquam
2377 3793 2566 3867 saepe
2598 3778 3019 3845 vocantem.

911 3902 1081 4002 Ipse
1113 3904 1370 3977 volans
1405 3915 1671 3978 tenues
1703 3928 1782 3977 se
1817 3905 2119 3978 sustulit
2154 3906 2304 3978 ales
2340 3905 2435 3979 ad
2471 3930 2705 3979 auras.

914 4040 1172 4116 Currit
1204 4042 1348 4116 iter
1379 4055 1627 4115 tutum
1662 4066 1818 4116 non
1856 4042 2095 4116 secius
2131 4067 2421 4141 aequore
2456 4043 2726 4135 classiS,

911 4176 1438 4277 Promissisque
1473 4178 1702 4278 patris
1740 4179 2083 4277 Neptuni
2120 4179 2465 4254 interrita
2497 4178 2757 4255 fertur.

909 4314 1228 4413 Jamque
1265 4315 1451 4389 adeo
1487 4316 1824 4415 scopulos
1859 4314 2200 4391 Sirenum
2237 4316 2555 4391 advecta
2586 4316 2905 4410 subibat,

912 4452 1273 4528 Difficiles
1310 4453 1709 4552 quondam,
1753 4456 2308 4552 multorumque
2343 4454 2623 4529 ossibus
2660 4456 2901 4529 albos:

909 4592 1104 4666 Tum
1140 4614 1368 4667 rauca
1401 4590 1694 4666 assiduo
1727 4592 1955 4691 longe
1988 4593 2141 4667 sale
2177 4615 2359 4668 saxa
2390 4594 2798 4684 sonabant3
