3792 6234
712 992 782 1041 v.
819 966 1004 1051 769.·
1495 966 1616 1041 LI
1643 968 1704 1043 Β
1727 967 1792 1045 Ε
1813 968 1884 1044 R
1984 963 2119 1043 VI.
2792 970 2893 1051 6⁷

713 1164 1102 1265 EgregiuS‚
1149 1165 1210 1239 si
1245 1164 1601 1263 umquam
1637 1166 2106 1267 regnandam
2142 1165 2517 1266 acceperit
2550 1164 2844 1241 Albam.

712 1301 868 1388 Qui
889 1301 1210 1401 juvenes
1243 1314 1562 1401 quantas
1597 1316 2005 1397 ostentant,
2054 1304 2375 1403 adspice,
2420 1304 2653 1379 vires!

709 1441 817 1514 At
852 1440 980 1539 qui
1015 1440 1364 1517 umbrata
1394 1455 1677 1541 gerunt
1710 1442 1916 1517 civili
1949 1455 2293 1541 tempora
2324 1466 2629 1541 quercu,

713 1578 818 1653 Hi
851 1578 992 1654 tibi
1030 1580 1524 1672 Nomentum,
1571 1590 1651 1654 et
1681 1580 1987 1672 GabioS,
2034 1581 2447 1679 urbemque
2484 1579 2881 1673 Fidenam;

711 1718 818 1793 Hi
857 1718 1268 1793 Collatinas
1307 1720 1700 1818 imponent
1735 1718 2116 1795 montibus
2152 1742 2382 1810 arces,

710 1855 1104 1950 Pometios,
1153 1867 1630 1955 castrumque
1667 1856 1864 1948 Inui,
1914 1856 2343 1955 Bolamque,
2387 1856 2847 1954 Coramque:

709 1994 895 2069 Haec
924 2006 1088 2069 tum
1119 1994 1429 2069 nomina
1451 2005 1694 2087 erunt,
1721 2018 1933 2069 nunc
1958 2005 2140 2069 sunt
2166 1995 2328 2068 sine
2354 1994 2662 2069 nomine
2692 2005 2928 2079 terrae.

707 2132 920 2219 Quin
957 2143 1037 2207 et
1070 2156 1210 2207 avo
1246 2132 1600 2207 comitem
1634 2155 1793 2207 sese
1829 2131 2251 2206 Mavortius
2288 2130 2516 2205 addet

709 2270 1090 2363 Romulus,
1135 2268 1481 2345 Assaraci
1517 2294 1742 2367 quem
1775 2270 2165 2369 sanguinis
2204 2270 2349 2343 Ilia
2378 2281 2625 2345 mater

707 2408 1025 2485 Educet.
1121 2408 1396 2483 Viden’
1433 2418 1521 2482 ut
1555 2408 1876 2508 geminae
1910 2418 2117 2481 stant
2150 2406 2435 2501 vertice
2472 2407 2733 2501 cristae,

707 2544 808 2621 Et
839 2560 1056 2647 pater
1091 2548 1246 2646 ipse
1279 2571 1415 2621 suo
1449 2547 1797 2645 superum
1821 2543 1983 2645 jam
2020 2546 2273 2646 signat
2304 2546 2637 2620 honore?

706 2685 826 2760 En
861 2684 1102 2784 hujus,
1147 2696 1349 2778 nate,
1397 2674 1744 2785 auspiciis
1782 2683 1910 2758 illa
1944 2684 2233 2783 inclyta
2270 2684 2511 2759 Roma

705 2823 1118 2923 Imperium
1154 2823 1390 2917 terris,
1437 2822 1724 2897 animos
1758 2822 2082 2921 aequabit
2116 2822 2439 2922 olymp0,

707 2961 1154 3062 Septemque
1199 2986 1354 3037 una
1385 2960 1524 3035 sibi
1559 2986 1776 3035 muro
1811 2960 2314 3036 circumdabit
2350 2984 2579 3054 arceS,

705 3100 918 3175 Felix
951 3100 1160 3201 prole
1192 3099 1473 3175 viram:
1532 3098 1768 3199 qualis
1806 3099 2261 3198 Berecyntia
2292 3110 2537 3175 mater

705 3238 1105 3313 Invehitur
1139 3262 1360 3313 curru
1401 3236 1766 3337 Phrygias
1802 3236 2077 3311 turrita
2108 3261 2243 3336 per
2276 3236 2519 3329 urbes,

709 3374 911 3451 Laeta
945 3375 1167 3450 deum
1201 3386 1444 3475 partu,
1494 3387 1804 3449 centum
1843 3375 2241 3473 complexa
2274 3384 2605 3472 nepotes,

708 3514 992 3589 Omnes
1029 3514 1419 3606 coelicolas,
1467 3538 1727 3588 omnes
1763 3537 2033 3613 supera
2068 3513 2223 3587 alta
2256 3525 2627 3587 tenentes.

708 3652 883 3726 Huc
909 3652 1246 3752 geminas
1277 3674 1487 3726 nunc
1511 3653 1732 3726 flecte
1763 3650 1998 3724 acies:
2040 3651 2241 3726 hanc
2272 3650 2573 3749 adspice
2594 3660 2927 3751 gentem,

709 3790 1230 3889 Romanosque
1268 3804 1459 3865 tuos.
1571 3789 1718 3863 Hic
1757 3789 2027 3881 Caesar,
2074 3801 2154 3864 et
2186 3789 2429 3864 omnis
2464 3788 2614 3863 Iuli

708 3926 1137 4028 ProgenieS,
1185 3952 1549 4029 magnum
1585 3927 1751 4003 coeli
1786 3940 2111 4002 ventura
2142 3927 2280 4002 sub
2315 3952 2557 4002 axem.
2690 3960 2697 3971 ·

709 4065 860 4139 Hic
893 4065 1030 4158 vir,
1076 4065 1204 4141 hic
1242 4077 1375 4157 est,
1423 4064 1562 4139 tibi
1597 4089 1823 4163 quem
1857 4064 2195 4165 promitti
2229 4064 2491 4166 saepius
2526 4064 2759 4158 audis»,

707 4203 1100 4302 Augustus
1137 4202 1406 4295 Caesar,
1452 4202 1608 4277 divi
1643 4228 1923 4303 genus;
1984 4227 2213 4277 aurea
2246 4202 2528 4278 condet

710 4340 992 4414 Saeeula
1027 4340 1155 4438 qui
1191 4364 1442 4415 rursus
1481 4338 1718 4433 Latio,
1762 4354 2086 4442 regnata
2116 4366 2252 4441 per
2284 4365 2465 4415 arva

713 4477 1036 4553 Saturno
1069 4477 1448 4576 quondam
1467 4506 1488 4569 ;
1547 4502 1770 4578 super
1803 4489 1882 4553 et
1914 4479 2417 4553 Garamantas
2453 4489 2532 4552 et
2568 4478 2795 4553 Indos

712 4614 1054 4693 Proferet
1090 4616 1522 4717 imperium:
1566 4614 1778 4715 jacet
1812 4626 2033 4692 extra
2064 4617 2310 4693 sidera
2339 4614 2581 4707 tellus,
