3792 6234
933 994 1030 1067 60
1797 990 2237 1068 AENEIS.
2822 1018 2892 1067 v.
2930 1002 3097 1068 588.

933 1190 1108 1265 Ibat
1141 1212 1392 1282 ovam,
1440 1190 1842 1289 divumque
1877 1190 2018 1264 sibi
2053 1188 2406 1290 poscebat
2440 1189 2843 1263 honorem:

931 1328 1306 1403 Demens!
1363 1329 1490 1427 qui
1525 1328 1818 1404 nimbos
1853 1340 1935 1403 et
1965 1353 2123 1404 non
2160 1327 2523 1403 imitabile
2556 1327 2848 1403 fulmen

929 1466 1106 1542 AEre
1141 1478 1220 1541 et
1253 1466 1742 1566 cornipedum
1777 1468 1999 1567 pulsu
2030 1467 2417 1541 simularat
2452 1491 2839 1564 equorum.

929 1607 1038 1679 At
1069 1615 1287 1703 pater
1318 1605 1792 1704 omnipotens
1825 1603 2063 1679 densa
2096 1604 2299 1679 inter
2329 1604 2593 1679 nubila
2626 1605 2863 1677 telum

935 1742 1323 1819 Contorsit
1360 1744 1552 1841 (non
1591 1744 1718 1816 ille
1752 1742 1977 1836 faeeS,
2020 1767 2168 1817 nec
2204 1740 2459 1817 fumea
2490 1741 2697 1816 taedis

933 1880 1320 1981 Lumina),
1362 1881 1971 1982 praecipitemque
2005 1881 2315 1956 immani
2350 1879 2655 1955 turbine
2690 1880 2970 1981 adegit.

933 2020 1108 2095 Nec
1142 2044 1296 2095 non
1333 2032 1415 2093 et
1438 2019 1740 2119 Tityon,
1777 2020 2025 2093 Terrae
2058 2018 2598 2117 omniparentis
2636 2019 3049 2109 alumnum,

936 2156 1270 2233 Cernere
1305 2169 1504 2249 erat;
1563 2182 1696 2258 per
1728 2170 1892 2233 tota
1924 2182 2199 2233 novem
2236 2157 2361 2231 cui
2384 2155 2659 2257 jugera
2696 2181 2963 2256 corpus

932 2295 1387 2398 Porrigitur3
1445 2309 1834 2396 rostroque
1869 2296 2215 2371 immanis
2250 2297 2509 2371 vultur
2539 2294 2841 2370 obunco

933 2432 1370 2509 Immortale
1392 2434 1617 2535 jecur
1649 2435 1996 2528 tondens»,
2042 2433 2521 2533 fecundaque
2555 2434 2789 2533 poenis

933 2572 1268 2666 Viscera,
1314 2574 1780 2672 rimaturque
1815 2572 2073 2673 epuliS,
2120 2572 2559 2671 habitatque
2596 2573 2732 2647 sub
2770 2573 2923 2646 alto

933 2709 1253 2785 Pectore
1269 2738 1290 2802 ;
1349 2736 1496 2787 nec
1531 2711 1731 2786 fibris
1766 2711 2059 2810 requies
2094 2712 2321 2788 datur
2352 2712 2508 2785 ulla
2540 2711 2842 2785 renatis.
2875 2724 2881 2728 ’

940 2848 1149 2935 Quid
1185 2874 1594 2925 memorem
1635 2850 2009 2951 Lapithas,
2056 2850 2351 2943 Ixiona,
2398 2849 2986 2947 Pirithoumque,

939 2987 1152 3072 Quos
1185 3012 1409 3086 super
1441 3000 1605 3062 atra
1637 2989 1826 3063 silex
1849 2988 2011 3087 jam
2034 2987 2195 3088 jam
2230 2989 2529 3087 lapsura
2563 2987 3017 3086 cadentique

938 3125 1300 3201 Imminet
1333 3126 1716 3201 assimilis?
1789 3127 2087 3203 Lucent
2122 3126 2541 3228 genialibus
2578 3127 2745 3201 altis

937 3264 1194 3339 Aurea
1226 3263 1469 3340 fulcra
1502 3266 1704 3357 toris,
1755 3266 2135 3364 epulaeque
2170 3278 2350 3340 ante
2386 3290 2517 3340 ora
2548 3276 2823 3365 paratae

939 3401 1281 3501 Regifico
1314 3404 1542 3479 luxu:
1601 3404 1991 3478 Furiarum
2030 3405 2362 3479 maxima
2380 3402 2613 3503 juxta

935 3540 1310 3635 Accubat,
1358 3554 1436 3616 et
1469 3540 1814 3616 manibus
1849 3541 2199 3641 prohibet
2232 3543 2679 3643 contingere
2712 3564 3005 3617 mensas
3023 3568 3046 3634 3

940 3676 1452 3779 Exsurgitque
1485 3678 1735 3753 facem
1771 3681 2146 3773 attollens»,
2195 3692 2419 3780 atque
2455 3680 2755 3755 intonat
2786 3704 2937 3755 ore.

941 3814 1090 3889 Hic
1126 3816 1392 3913 quibus
1429 3816 1650 3891 invisi
1683 3816 1973 3910 fratres,
2019 3818 2201 3895 dum
2237 3820 2397 3896 vita
2434 3819 2810 3912 manebat,

940 3952 1382 4032 Pulsatusve
1415 3981 1701 4056 parens,
1750 3969 1883 4031 aut
1915 3956 2117 4033 fraus
2154 3958 2439 4033 innexa
2470 3958 2731 4033 clienti
2746 3988 2769 4049 3

938 4094 1100 4165 Aut
1135 4092 1262 4190 qui
1297 4093 1575 4169 divitiis
1611 4094 1745 4170 soli
1781 4095 2195 4171 incubuere
2230 4097 2562 4196 repertis,

942 4230 1114 4305 Nec
1151 4243 1442 4332 partem
1476 4249 1789 4331 posuere
1823 4234 1995 4327 suiS‚
2041 4260 2204 4333 quae
2236 4234 2569 4309 maxima
2602 4236 2826 4310 turba
2860 4248 2972 4312 est
2988 4264 3010 4330 3

944 4369 1248 4468 Quique
1280 4370 1378 4445 ob
1415 4370 1866 4447 adulterium
1904 4373 2093 4465 caesi,
2138 4374 2416 4472 quique
2450 4398 2658 4449 arma
2692 4375 2933 4451 secuti

943 4507 1208 4608 Impia,
1254 4533 1400 4584 nec
1433 4507 1653 4583 veriti
1688 4509 2161 4587 dominorum
2196 4510 2458 4587 fallere
2494 4510 2838 4589 dextras:

940 4645 1230 4731 Inclusi
1263 4670 1560 4746 poenam
1597 4660 2065 4748 exspectant.
2162 4651 2289 4727 Ne
2326 4676 2571 4751 quaere
2606 4652 2859 4727 doceri
