3792 6234
696 982 969 1053 v.4oo.
1490 978 1879 1055 LIBER
1979 982 2072 1055 V.
2214 1080 2218 1087 .
2783 990 2867 1061 17
2998 974 3007 983 ’

701 1176 792 1249 In
829 1174 1162 1251 medium
1196 1178 1538 1277 geminos
1574 1179 1884 1254 immani
1918 1178 2251 1279 pondere
2286 1190 2533 1253 cestus

695 1314 1040 1414 Projecit,
1089 1315 1358 1414 quibus
1393 1341 1567 1391 acer
1600 1319 1807 1417 Eryx
1844 1318 1923 1393 in
1960 1318 2218 1417 proelia
2250 1330 2507 1393 suetus

609 1554 615 1559 ἠ
695 1452 916 1527 Ferre
949 1480 1280 1546 manum,
1330 1454 1666 1554 duroque
1704 1456 2101 1531 intendere
2133 1456 2445 1530 brachia
2476 1468 2713 1557 terg0.

692 1590 1168 1691 Obstupuere
1211 1592 1480 1667 animi:
1535 1605 1924 1669 tantorum
1958 1595 2304 1694 ingentia
2336 1607 2623 1694 septem

690 1730 938 1830 Terga
971 1730 1202 1806 boum
1237 1731 1543 1831 plumbo
1578 1732 1830 1806 insuto
1862 1732 2209 1831 ferroque
2246 1731 2615 1833 rigebant.

690 1868 894 1943 Ante
932 1894 1191 1943 omnes
1225 1881 1478 1969 stupet
1515 1868 1672 1969 ipse
1706 1870 1969 1960 Dares,
2016 1870 2391 1969 longeque
2428 1884 2761 1946 recusat:

693 2006 1382 2107 Magnanimusque
1416 2006 1911 2083 Anchisiades
1948 2016 2027 2081 et
2058 2008 2351 2107 pondus
2388 2022 2468 2083 et
2504 2010 2662 2107 ipsa

691 2145 866 2219 Huc
903 2146 1084 2219 illuc
1117 2145 1539 2219 vinclorum
1577 2146 1943 2220 immensa
1974 2146 2361 2221 volumina
2392 2162 2660 2221 versat.

686 2282 881 2359 Tum
916 2284 1168 2359 senior
1199 2285 1389 2359 tales
1425 2282 1798 2359 referebat
1833 2296 2139 2384 pectore
2174 2307 2435 2359 voces:

685 2422 920 2515 Quid,
965 2422 1027 2497 si
1062 2423 1226 2521 quis
1263 2434 1510 2497 cestus
1546 2422 1772 2522 ipsius
1809 2435 1887 2497 et
1924 2422 2275 2497 Herculis
2312 2446 2520 2497 arma

685 2560 1038 2653 Vidisset,
1084 2561 1524 2659 tristemque
1558 2561 1704 2635 hoc
1740 2560 1901 2660 ipso
1935 2561 2014 2635 in
2050 2560 2305 2635 littore
2338 2564 2721 2661 pugnam?
2852 2584 2859 2593 ·

687 2701 870 2775 Haec
905 2708 1309 2801 germanus
1345 2699 1552 2798 Eryx
1588 2699 1969 2797 quondam
2006 2711 2181 2775 tuus
2218 2724 2427 2775 arma
2461 2700 2809 2800 gerebat:

685 2840 1068 2941 Sanguine
1103 2838 1347 2915 cernis
1385 2838 1636 2913 adhuc
1668 2835 2062 2937 fractoque
2098 2836 2387 2914 infecta
2422 2838 2753 2913 cerebro·

686 2978 824 3053 His
861 3002 1225 3077 magnum
1261 2976 1586 3053 Alciden
1625 2988 1892 3051 contra
1926 2976 2174 3051 stetit:
2231 2976 2345 3051 his
2384 3001 2528 3076 ego
2560 2988 2837 3069 suetuS,

683 3116 890 3192 Dum
925 3116 1192 3191 melior
1220 3116 1416 3191 vires
1449 3112 1754 3215 sanguis
1791 3112 2043 3206 dabat,
2088 3117 2354 3189 aemula
2386 3116 2717 3227 necdum

679 3253 1170 3354 Temporibus
1207 3251 1528 3353 geminis
1565 3253 1890 3326 canebat
1924 3277 2177 3351 sparsa
2208 3266 2577 3327 senectus,

680 3391 844 3485 Sed,
891 3393 950 3466 si
991 3403 1248 3466 nostra
1281 3392 1522 3467 Dares
1557 3390 1716 3465 hoec
1747 3388 2015 3463 Troius
2051 3412 2259 3465 arma
2290 3406 2609 3483 recusat,

680 3531 920 3630 quue
956 3528 1080 3630 pio
1117 3529 1328 3604 sedet
1363 3528 1636 3621 AEneae,
1683 3528 1955 3626 probat
1988 3540 2257 3603 auctor
2288 3529 2622 3622 AcesteS,

677 3670 1081 3768 AEquemus
1117 3690 1430 3767 pugnas.
1543 3666 1806 3765 Erycis
1841 3665 1983 3740 tibi
2016 3678 2237 3769 terga
2271 3668 2613 3758 remitt03

678 3807 893 3883 Solve
929 3819 1172 3880 metus
1191 3836 1210 3896 ;
1272 3816 1350 3879 et
1382 3815 1471 3879 tu
1504 3804 1864 3905 Trojanos
1904 3831 2100 3881 exue
2136 3820 2405 3883 cestus.

679 3946 864 4021 Haec
895 3945 1116 4037 fatus,
1163 3943 1541 4043 duplicem
1577 3968 1675 4019 ex
1711 3945 2039 4019 humeris
2074 3946 2338 4045 rejecit
2372 3948 2769 4042 amictum3

677 4086 778 4159 Et
812 4106 1125 4184 magnos
1161 4080 1670 4157 membrorum
1705 4094 1935 4175 artus,
1972 4106 2255 4184 magna
2286 4108 2469 4179 ossa,
2502 4088 2854 4163 lacertos-

827 4247 992 4322 que,

677 4361 932 4453 Exuit,
980 4372 1203 4459 atque
1241 4361 1512 4461 ingens
1547 4359 1796 4439 media
1831 4360 2174 4436 consistit
2210 4386 2457 4437 arena.

673 4500 868 4573 Tum
903 4511 1103 4574 satus
1139 4499 1476 4575 Anchisa
1509 4513 1756 4575 cestus
1791 4510 2011 4598 pater
2046 4500 2323 4576 extulit
2356 4526 2620 4599 aequos,

673 4637 775 4712 Et
809 4638 1108 4738 paribus
1142 4639 1423 4737 palmas
1459 4637 1850 4713 amborum
1887 4638 2241 4713 innexuit
2274 4638 2518 4713 armis.

831 4795 860 4832 α
2380 4782 2429 4830 D
