3792 6234
45 1139 135 2083 affrefflss-

653 985 932 1059 v.564.
1433 954 1822 1059 LIBER
1921 985 2062 1059 XI.
2254 1012 2259 1017 ·
2698 1000 2905 1063 225·

655 1184 813 1259 Dat
850 1208 1008 1259 sese
1047 1182 1293 1276 fluvi0,
1343 1196 1568 1281 atque
1604 1184 1896 1259 hastam
1935 1209 2109 1259 curn
2146 1184 2438 1283 virgine
2472 1185 2719 1261 victor

655 1324 1092 1415 GramineO,
1138 1324 1420 1397 donum
1450 1324 1517 1397 T
1520 1323 1738 1415 riviae,
1788 1323 1884 1397 de
1924 1324 2207 1423 cespite
2243 1326 2473 1399 vellit.

654 1461 838 1535 Non
877 1462 1086 1535 illum
1123 1462 1346 1536 tectis
1381 1464 1572 1567 ullae,
1621 1488 1774 1536 non
1809 1463 2199 1555 moenibuS,
2248 1462 2468 1537 urbes

650 1601 1075 1700 Accepere3
1135 1626 1382 1700 neque
1421 1599 1574 1699 ipse
1611 1626 1878 1675 manus
1914 1601 2217 1675 feritate
2254 1602 2617 1677 dedisset:

649 1739 1042 1813 Pastorum
1078 1754 1157 1813 et
1189 1739 1360 1813 solis
1397 1708 1658 1839 exegit
1693 1741 2073 1815 montibus
2120 1767 2380 1815 aevum.

650 1878 795 1952 Hic
831 1891 1109 1969 natam,
1159 1878 1240 1951 in
1275 1878 1522 1951 dumis
1558 1878 1904 1976 interque
1945 1879 2331 1953 horrentia
2364 1882 2617 1973 lustra,

645 2016 1106 2091 Armentalis
1143 2043 1352 2115 equae
1384 2018 1727 2091 mammis
1767 2030 1844 2091 et
1879 2018 2079 2091 lacte
2115 2018 2361 2093 ferino

645 2158 1034 2249 Nutribat‚
1081 2158 1362 2232 teneris
1401 2157 1854 2256 immulgens
1895 2157 2127 2231 ubera
2163 2158 2409 2231 labris,

641 2298 900 2395 thue
936 2297 1213 2395 pedum
1250 2297 1504 2396 primis
1542 2295 1790 2371 infans
1823 2298 2145 2396 vestigia
2176 2297 2451 2395 plantis

641 2436 1055 2527 Institerat,
1107 2436 1366 2534 jaculo
1401 2438 1684 2535 palmas
1720 2436 2063 2510 oneravit
2102 2450 2366 2511 acuto:

639 2576 1084 2675 Spiculaque
1121 2602 1218 2649 ex
1253 2577 1567 2649 humero
1603 2600 1846 2674 parvae
1882 2576 2274 2674 suspendit
2310 2588 2388 2649 et
2427 2601 2707 2653 arcum.

531 2688 536 2693 .
640 2715 785 2789 Pro
822 2714 1087 2788 crinali
1126 2740 1328 2807 aum,
1375 2739 1509 2813 pro
1547 2716 1792 2814 longae
1825 2713 2167 2813 tegmine
2202 2716 2439 2814 pallae,

635 2854 964 2953 Tigridis
1001 2854 1290 2927 exuviae
1327 2878 1460 2951 per
1495 2853 1794 2927 dorsum
1835 2878 1880 2925 a
1916 2854 2203 2927 vertice
2238 2854 2601 2952 pendent.

634 2994 819 3067 Tela
853 3018 1086 3067 manu
1114 2992 1274 3091 jam
1313 3005 1473 3066 tum
1514 3005 1778 3066 tenera
1813 2992 2127 3091 puerilia
2168 2993 2403 3087 torsit,

631 3132 734 3206 Et
767 3131 1085 3206 fundam
1121 3132 1344 3205 tereti
1381 3132 1668 3205 circum
1707 3144 1937 3229 caput
1972 3132 2133 3231 egit
2169 3131 2487 3225 habena,

632 3270 1283 3369 Strymoniamque
1320 3295 1586 3370 gruem
1626 3282 1758 3343 aut
1795 3269 2049 3343 album
2085 3268 2365 3368 dejecit
2400 3272 2702 3347 olorem.

633 3410 900 3484 Multae
938 3409 1138 3483 illam
1175 3406 1455 3482 frustra
1479 3408 1876 3506 Tyrrhena
1914 3434 2049 3507 per
2082 3410 2359 3507 oppida
2390 3424 2665 3485 matres

631 3549 1010 3648 Optavere
1047 3572 1364 3623 nurum:
1423 3549 1581 3620 sola
1619 3558 1986 3621 contenta
2023 3546 2298 3641 Diana,

629 3688 1024 3761 AEternum
1057 3685 1382 3760 telorum
1421 3697 1498 3759 et
1533 3674 1990 3785 virginitatis
2030 3712 2361 3761 amorem
2507 3773 2514 3780 .

627 3825 1095 3901 Intemerata
1133 3826 1334 3900 colit.
1425 3826 1722 3899 Vellem
1759 3826 1961 3899 haud
2002 3839 2349 3927 correpta
2382 3826 2648 3903 fuisset

627 3964 914 4038 Militia
949 3964 1104 4055 tali,
1155 3976 1428 4038 conata
1463 3964 1826 4039 lacessere
1860 3964 1928 4037 T
1931 3990 2231 4057 eucros;
2582 3936 2603 3975 ⁷

630 4103 828 4177 Cara
862 4101 1066 4192 mihi,
1116 4102 1628 4200 comitumque
1662 4101 1861 4177 foret
1904 4128 2115 4177 nunc
2150 4129 2305 4179 una
2337 4130 2694 4181 mearum.

625 4242 913 4317 Verum
951 4264 1111 4339 age,
1161 4241 1769 4338 quandoquidem
1805 4240 1981 4315 fatis
2018 4257 2337 4343 urgetur
2370 4243 2677 4335 acerbis,

623 4380 933 4471 Labere,
983 4379 1366 4478 Nympha,
1413 4381 1604 4478 polo,
1651 4382 1985 4479 finesque
2025 4384 2261 4457 invise
2300 4382 2627 4475 Latium,

621 4520 885 4603 Tristis
923 4520 1050 4594 ubi
1087 4508 1417 4593 infausto
1454 4521 1957 4596 committitur
1989 4521 2241 4595 omine
2276 4546 2553 4619 pugna.

624 4661 806 4734 Haec
847 4685 1053 4760 cape,
1101 4672 1178 4735 et
1213 4658 1564 4734 ultricem
1599 4640 1953 4759 pharetra
1986 4661 2341 4760 deprome
2376 4662 2768 4762 sagittam:

785 4819 813 4859 α
2537 4817 2567 4854 2
2586 4808 2633 4855 G
