3792 6234
929 943 1067 1017 160
1781 942 1875 1017 AE
1897 940 1976 1015 N
2002 938 2066 1015 E
2091 940 2129 1015 Ι
2151 940 2220 1015 S.
2808 967 2875 1015 v.
2912 940 3082 1027 639.

918 1138 1147 1214 Nube
1181 1138 1485 1230 sedens3
1544 1148 1769 1237 atque
1802 1139 1918 1213 his
1951 1140 2318 1214 victorem
2353 1137 2628 1213 affatur
2661 1137 2954 1215 Iulum:

913 1277 1178 1352 Macte⁴
1213 1302 1409 1351 nova
1444 1276 1746 1369 virtute,
1794 1302 2017 1377 puer;
2076 1276 2184 1351 sie
2221 1276 2374 1351 itur
2409 1277 2504 1351 ad
2540 1288 2757 1369 astra,

913 1415 1053 1490 Dis
1086 1414 1368 1516 genite,
1418 1428 1495 1489 et
1530 1416 1881 1515 geniture
1917 1415 2133 1491 deos:
2175 1414 2349 1515 jure
2385 1416 2642 1489 omnia
2675 1416 2874 1490 bella

911 1552 1169 1629 Gente
1212 1552 1351 1627 sub
1385 1554 1729 1628 Assaraci
1762 1552 1925 1628 fato
1957 1565 2281 1629 ventura
2318 1554 2688 1629 resident:

910 1690 1085 1767 Nec
1120 1702 1199 1765 te
1225 1691 1292 1765 T
1293 1688 1449 1789 roja
1484 1692 1707 1791 capit.
1802 1691 2036 1767 Simul
2073 1693 2230 1767 haec
2267 1674 2557 1785 effatus,
2607 1692 2701 1767 ab
2737 1693 2892 1767 alto

905 1830 1211 1905 AEthere
1254 1854 1333 1904 se
1366 1828 1624 1921 mittit,
1670 1829 2037 1929 spirantes
2073 1828 2408 1907 dimovet
2443 1856 2681 1925 auras,

906 1968 1465 2067 Ascaniumque
1498 1968 1725 2067 petit:
1780 1967 2101 2043 formam
2135 1982 2302 2044 tum
2337 1970 2658 2045 vertitur
2691 1972 2838 2045 oris

902 2106 1325 2205 Antiquum
1359 2107 1439 2181 in
1478 2107 1746 2182 Buten.
1857 2108 2010 2190 Hic
2045 2108 2438 2183 Dardanio
2473 2109 2826 2183 Anchisae

904 2244 1257 2345 Armiger
1292 2257 1469 2320 ante
1502 2244 1669 2339 fuit,
1715 2245 2052 2344 fidusque
2087 2246 2182 2319 ad
2217 2246 2484 2321 limina
2519 2258 2808 2340 custos3

851 2360 857 2365 ’
904 2384 1101 2458 Tum
1140 2384 1491 2458 comitem
1526 2385 1854 2459 Ascanio
1888 2398 2104 2483 pater
2139 2385 2450 2459 addidit.
2555 2386 2728 2459 Ibat
2761 2386 3030 2487 Apollo

907 2522 1185 2597 Omnia
1216 2523 1555 2623 longaevo
1592 2523 1869 2616 similis,
1916 2548 2350 2622 vocemque,
2400 2526 2894 2624 coloremque,

908 2660 1008 2735 Et
1042 2661 1284 2735 crines
1320 2660 1544 2754 albos,
1594 2674 1671 2736 et
1704 2688 1895 2737 saeva
1929 2662 2320 2737 sonoribus
2355 2687 2600 2755 arma3

902 2799 1154 2898 Atque
1188 2799 1299 2873 his
1336 2800 1729 2875 ardentem
1763 2800 1988 2877 dictis
2025 2801 2301 2875 affatur
2333 2800 2623 2876 Iulum:

902 2938 1011 3013 Sit
1042 2937 1241 3031 satis»,
1286 2936 1641 3031 AEneada‚
1688 2940 1855 3013 telis
1890 2939 2198 3039 impune
2234 2939 2680 3014 Numanum

902 3076 1321 3177 Oppetiisse
1354 3076 1543 3173 tuis:
1598 3076 1916 3175 primam
1950 3044 2152 3153 hanc
2185 3078 2327 3151 tibi
2363 3104 2684 3178 magnus
2719 3078 2991 3177 Apollo

903 3215 1281 3291 Concedit
1312 3215 1633 3308 laudem,
1682 3228 1761 3289 et
1796 3215 2094 3314 paribus
2132 3240 2286 3290 non
2326 3216 2614 3291 invidet
2651 3216 2894 3291 armis.

903 3353 1180 3429 Cetera
1212 3380 1457 3455 parce,
1502 3378 1709 3453 puer,
1757 3353 1975 3429 bello.
2087 3356 2206 3429 Sic
2243 3380 2449 3430 orsus
2483 3355 2756 3454 Apollo

900 3492 1263 3567 Mortales
1296 3493 1558 3567 medio·
1582 3470 1978 3593 adspectus
2011 3518 2354 3567 sermone
2391 3494 2713 3593 reliquit,

900 3630 1001 3705 Et
1033 3633 1295 3730 procul
1330 3632 1409 3706 in
1444 3644 1753 3707 tenuem
1791 3655 1887 3705 ex
1923 3632 2158 3707 oculis
2195 3632 2504 3706 evanuit
2539 3656 2818 3707 auram.

898 3771 1305 3870 Agnovere
1341 3771 1567 3845 deum
1603 3750 1946 3870 proceres
1984 3771 2386 3869 divinaque
2429 3772 2582 3845 tela

899 3906 1374 4002 Dardanidae,
1418 3910 1996 4009 pharetramque
2029 3908 2217 4011 fuga
2249 3934 2546 3985 sensere
2580 3920 2996 3987 sonantem.

897 4048 1101 4147 Ergo
1136 4046 1436 4121 avidum
1473 4074 1745 4149 pugnae
1778 4048 2000 4123 dictis
2045 4074 2136 4123 ac
2171 4048 2484 4123 numine
2519 4048 2778 4123 Phoebi

898 4184 1311 4260 Ascanium
1346 4186 1787 4285 prohibent:
1845 4186 1984 4287 ipsi
2021 4188 2098 4261 in
2135 4186 2550 4262 certamina
2581 4210 2834 4261 rursus

897 4323 1350 4417 Succedunt,
1396 4325 1829 4423 animasque
1865 4324 1946 4398 in
1983 4338 2242 4425 aperta
2274 4324 2608 4424 pericula
2639 4325 2977 4401 mittunt.

900 4462 975 4536 It
1008 4462 1291 4537 clamor
1324 4463 1501 4538 totis
1536 4488 1671 4562 per
1703 4462 2270 4562 propugnacula
2303 4462 2572 4537 muris:

900 4600 1328 4676 Intendunt
1362 4626 1570 4677 acres
1608 4624 1843 4693 arem,
1890 4611 2340 4698 amentaque
2377 4579 2778 4700 torquent.'
