3792 6234
1498 1272 1936 1357 LIBER
2039 1272 2144 1354 X.

739 1560 1195 1635 Paumruu
1242 1558 1532 1633 interea
1565 1558 1828 1632 domus
1862 1556 2396 1657 omnipotentis
2433 1557 2756 1656 Olympi,

740 1697 1315 1795 Conciliumque
1346 1708 1565 1771 vocat
1591 1696 1849 1770 divum
1876 1702 2092 1794 pater
2117 1706 2342 1793 atque
2369 1694 2758 1769 hominum
2787 1718 2924 1770 rex

738 1836 1115 1911 Sideream
1150 1837 1231 1910 in
1265 1833 1517 1910 sedem
1536 1863 1555 1926 ;
1614 1846 1853 1909 terras
1886 1834 2090 1912 unde
2125 1832 2400 1907 arduus
2433 1857 2692 1907 omnes

740 1974 1151 2074 Castraque
1174 1972 1699 2047 Dardanidum
1726 1972 2120 2072 adspectat
2135 1972 2592 2072 populosque
2617 1970 2942 2046 Latinos.

738 2112 1169 2189 Considunt
1199 2112 1419 2187 tectis
1451 2110 1981 2210 bipatentibus.
2094 2109 2376 2208 Incipit
2411 2110 2604 2209 ipse:

889 2250 1257 2325 Coelicolae
1290 2247 1572 2349 magni,
1616 2249 1792 2347 quia
1824 2272 2006 2323 nam
2039 2247 2418 2323 sententia
2451 2247 2659 2322 vobis

737 2386 977 2463 Versa
1008 2399 1227 2479 retr0‚
1272 2386 1721 2485 'tantumque
1754 2386 2024 2461 animis
2059 2386 2361 2461 certatis
2395 2384 2713 2484 iniquis?

737 2524 1175 2603 Abnueram
1210 2524 1404 2601 bello
1442 2523 1741 2600 Italiam
1776 2546 2226 2599 concurrere
2256 2524 2326 2597 T
2321 2523 2605 2599 eucris:

738 2663 927 2749 Quae
962 2676 1228 2738 contra
1260 2662 1579 2737 vetitum
1616 2661 2030 2737 discordia?
2084 2661 2246 2759 quis
2280 2674 2523 2736 metus
2561 2672 2695 2736 aut
2727 2662 2860 2737 hos

735 2802 895 2877 Aut
926 2802 1060 2875 hos
1096 2826 1305 2875 arma
1336 2801 1545 2900 sequi
1578 2799 2008 2899 ferrumque
2042 2801 2406 2874 lacessere
2439 2800 2714 2875 suasit?

733 2939 1116 3015 Adveniet
1134 2938 1425 3038 justum
1456 2964 1757 3039 pugnae,
1804 2964 1902 3012 ne
1937 2937 2310 3030 arcessite,
2355 2948 2670 3037 tempus»,

737 3078 995 3163 Quum
1027 3076 1191 3153 fera
1220 3078 1605 3177 Carthago
1640 3076 1996 3151 Romanis
2033 3074 2328 3151 arcibus
2363 3076 2538 3149 olim

733 3214 1075 3291 Exitium
1112 3242 1473 3316 magnum
1510 3227 1736 3315 atque
1768 3215 1996 3313 Alpes
2034 3214 2393 3289 immittet
2427 3226 2742 3313 apertas,

730 3354 925 3429 Tum
964 3366 1253 3429 certare
1286 3353 1495 3446 odiis,
1542 3366 1704 3429 tum
1742 3378 1857 3427 res
1892 3352 2225 3450 rapuisse
2257 3350 2552 3426 licebit:

738 3490 975 3567 Nunc
1010 3492 1233 3567 sinite
1252 3520 1271 3583 3
1332 3504 1411 3566 et
1444 3492 1805 3591 placitum
1838 3490 1986 3565 laeti
2023 3490 2450 3591 componite
2484 3489 2743 3564 foedus.

880 3628 928 3702 J
935 3630 1231 3728 uppiter
1262 3628 1420 3703 haec
1454 3628 1751 3728 paucis3
1793 3642 1871 3703 at
1903 3654 2060 3703 non
2085 3628 2346 3703 Venus
2384 3652 2608 3703 aurea
2637 3634 2904 3703 contra

738 3762 987 3839 Pauca
1020 3765 1287 3842 refert:

735 3902 807 3977 Ο
839 3914 1072 4001 pater,
1118 3929 1165 3977 ο
1199 3904 1587 3979 hominum
1624 3904 2029 4003 divumque
2061 3917 2342 3979 aeterna
2374 3918 2718 4004 potestaS,

734 4040 1087 4139 Namque
1124 4041 1343 4116 aliud„
1354 4042 1533 4141 quid
1558 4042 1659 4117 sit
1688 4042 1885 4141 quod
1904 4042 2062 4142 jam
2095 4043 2488 4142 implorare
2513 4042 2916 4141 queamus?

738 4178 1002 4253 Cernis
1036 4191 1124 4255 ut
1158 4178 1525 4255 insultent
1559 4182 1842 4274 Rutuli,
1882 4182 2330 4281 Turnusque
2367 4180 2658 4256 feratur

735 4316 879 4392 Per
910 4317 1193 4393 medios
1226 4317 1541 4419 insignis
1578 4320 1805 4418 equis,
1852 4319 2331 4419 tumidusque
2371 4319 2706 4395 secundo

736 4454 987 4529 Marte
1022 4466 1231 4531 ruat:
1268 4480 1425 4530 non
1456 4458 1707 4531 clausa
1740 4470 2017 4559 tegunt
2031 4457 2192 4557 jam
2225 4458 2502 4533 moenia
2525 4459 2852 4533 Teucros
2869 4484 2890 4549 3

733 4591 943 4703 Quin
981 4592 1182 4669 intra
1213 4604 1465 4694 ponas
1498 4606 1727 4693 atque
1760 4595 1932 4694 ipsis
1963 4595 2222 4695 proelia
2255 4594 2576 4669 miscent
