<?xml version="1.0" encoding="UTF-8"?>
<!DOCTYPE html PUBLIC "-//W3C//DTD XHTML 1.0 Transitional//EN"
    "http://www.w3.org/TR/xhtml1/DTD/xhtml1-transitional.dtd">
<html xmlns="http://www.w3.org/1999/xhtml" xml:lang="en" lang="en">
 <head>
  <title>
</title>
<meta http-equiv="Content-Type" content="text/html;charset=utf-8" />
  <meta name='ocr-system' content='tesseract 3.04.00' />
  <meta name='ocr-capabilities' content='ocr_page ocr_carea ocr_par ocr_line ocrx_word'/>
</head>
<body>
  <div class='ocr_page' id='page_1' title='image "./publiusvergiliu00virggoog/publiusvergiliu00virggoog_0232.png"; bbox 0 0 3792 6234; ppageno 0'>
   <div class='ocr_carea' id='block_1_1' title="bbox 642 981 2802 1070">
    <p class='ocr_par' dir='ltr' id='par_1_1' title="bbox 642 981 2802 1070">
     <span class='ocr_line' id='line_1_1' title="bbox 642 981 2802 1070; baseline 0.001 -12"><span class='ocrx_word' id='word_1_1' title='bbox 642 1011 710 1058; x_wconf 89' lang='lat' dir='ltr'>v.</span> <span class='ocrx_word' id='word_1_2' title='bbox 756 993 912 1060; x_wconf 84' lang='lat'>151.</span> <span class='ocrx_word' id='word_1_3' title='bbox 1405 981 1793 1058; x_wconf 81' lang='lat' dir='ltr'><strong>LIBER.</strong></span> <span class='ocrx_word' id='word_1_4' title='bbox 1890 983 2034 1058; x_wconf 91' lang='lat' dir='ltr'>XI.</span> <span class='ocrx_word' id='word_1_5' title='bbox 2657 997 2802 1070; x_wconf 78' lang='lat'>209</span> 
     </span>
    </p>
   </div>
   <div class='ocr_carea' id='block_1_2' title="bbox 623 1155 2820 4590">
    <p class='ocr_par' dir='ltr' id='par_1_2' title="bbox 642 1155 2492 1394">
     <span class='ocr_line' id='line_1_2' title="bbox 642 1155 2492 1280; baseline -0.002 -25"><span class='ocrx_word' id='word_1_6' title='bbox 642 1182 825 1256; x_wconf 91' lang='lat' dir='ltr'>Non</span> <span class='ocrx_word' id='word_1_7' title='bbox 861 1155 1039 1274; x_wconf 67' lang='lat' dir='ltr'>haec,</span> <span class='ocrx_word' id='word_1_8' title='bbox 1087 1204 1133 1252; x_wconf 94' lang='lat' dir='ltr'>o</span> <span class='ocrx_word' id='word_1_9' title='bbox 1168 1179 1392 1273; x_wconf 87' lang='lat' dir='ltr'>Palla,</span> <span class='ocrx_word' id='word_1_10' title='bbox 1439 1181 1749 1256; x_wconf 83' lang='lat' dir='ltr'><strong>dederas</strong></span> <span class='ocrx_word' id='word_1_11' title='bbox 1790 1182 2146 1280; x_wconf 87' lang='lat' dir='ltr'>promissa</span> <span class='ocrx_word' id='word_1_12' title='bbox 2177 1182 2492 1279; x_wconf 89' lang='lat' dir='ltr'>parenti,</span> 
     </span>
     <span class='ocr_line' id='line_1_3' title="bbox 644 1320 2328 1394; baseline -0.002 0"><span class='ocrx_word' id='word_1_13' title='bbox 644 1321 957 1394; x_wconf 85' lang='lat' dir='ltr'>Cautius</span> <span class='ocrx_word' id='word_1_14' title='bbox 993 1333 1081 1393; x_wconf 90' lang='lat' dir='ltr'>ut</span> <span class='ocrx_word' id='word_1_15' title='bbox 1116 1345 1305 1394; x_wconf 86' lang='lat' dir='ltr'>saevo</span> <span class='ocrx_word' id='word_1_16' title='bbox 1342 1320 1565 1392; x_wconf 89' lang='lat' dir='ltr'>velles</span> <span class='ocrx_word' id='word_1_17' title='bbox 1604 1331 1679 1393; x_wconf 90' lang='lat' dir='ltr'>te</span> <span class='ocrx_word' id='word_1_18' title='bbox 1717 1320 2021 1394; x_wconf 89' lang='lat' dir='ltr'>credere</span> <span class='ocrx_word' id='word_1_19' title='bbox 2061 1320 2328 1392; x_wconf 88' lang='lat' dir='ltr'>Marti!</span> 
     </span>
    </p>

    <p class='ocr_par' dir='ltr' id='par_1_3' title="bbox 639 1457 2737 1832">
     <span class='ocr_line' id='line_1_4' title="bbox 642 1457 2737 1557; baseline 0.001 -27"><span class='ocrx_word' id='word_1_20' title='bbox 642 1458 866 1530; x_wconf 84' lang='lat' dir='ltr'>Haud</span> <span class='ocrx_word' id='word_1_21' title='bbox 904 1458 1209 1556; x_wconf 86' lang='lat' dir='ltr'>ignarus</span> <span class='ocrx_word' id='word_1_22' title='bbox 1243 1481 1447 1531; x_wconf 89' lang='lat' dir='ltr'>eram</span> <span class='ocrx_word' id='word_1_23' title='bbox 1482 1468 1843 1555; x_wconf 85' lang='lat' dir='ltr'>quantum</span> <span class='ocrx_word' id='word_1_24' title='bbox 1880 1483 2078 1531; x_wconf 87' lang='lat' dir='ltr'>nova</span> <span class='ocrx_word' id='word_1_25' title='bbox 2112 1457 2350 1557; x_wconf 88' lang='lat' dir='ltr'>gloria</span> <span class='ocrx_word' id='word_1_26' title='bbox 2387 1458 2464 1530; x_wconf 89' lang='lat' dir='ltr'>in</span> <span class='ocrx_word' id='word_1_27' title='bbox 2500 1458 2737 1551; x_wconf 84' lang='lat' dir='ltr'>armiS‚</span> 
     </span>
     <span class='ocr_line' id='line_1_5' title="bbox 639 1594 2424 1694; baseline -0.001 -25"><span class='ocrx_word' id='word_1_28' title='bbox 639 1595 737 1669; x_wconf 91' lang='lat' dir='ltr'>Et</span> <span class='ocrx_word' id='word_1_29' title='bbox 771 1596 1141 1694; x_wconf 88' lang='lat' dir='ltr'>praedulce</span> <span class='ocrx_word' id='word_1_30' title='bbox 1178 1595 1405 1670; x_wconf 88' lang='lat' dir='ltr'>decus</span> <span class='ocrx_word' id='word_1_31' title='bbox 1441 1594 1679 1694; x_wconf 90' lang='lat' dir='ltr'>primo</span> <span class='ocrx_word' id='word_1_32' title='bbox 1717 1597 2124 1668; x_wconf 83' lang='lat' dir='ltr'>certamine</span> <span class='ocrx_word' id='word_1_33' title='bbox 2161 1610 2424 1694; x_wconf 87' lang='lat' dir='ltr'>posset.</span> 
     </span>
     <span class='ocr_line' id='line_1_6' title="bbox 640 1732 2446 1832; baseline -0.001 -25"><span class='ocrx_word' id='word_1_34' title='bbox 640 1733 987 1808; x_wconf 84' lang='lat' dir='ltr'>Primitiae</span> <span class='ocrx_word' id='word_1_35' title='bbox 1011 1732 1310 1832; x_wconf 84' lang='lat' dir='ltr'>juvenis</span> <span class='ocrx_word' id='word_1_36' title='bbox 1346 1733 1646 1825; x_wconf 82' lang='lat' dir='ltr'>miserae,</span> <span class='ocrx_word' id='word_1_37' title='bbox 1694 1733 2017 1831; x_wconf 88' lang='lat' dir='ltr'>bellique</span> <span class='ocrx_word' id='word_1_38' title='bbox 2055 1733 2446 1832; x_wconf 89' lang='lat' dir='ltr'>propinqui</span> 
     </span>
    </p>

    <p class='ocr_par' dir='ltr' id='par_1_4' title="bbox 637 1870 2446 1946">
     <span class='ocr_line' id='line_1_7' title="bbox 637 1870 2446 1946; baseline -0.001 -2"><span class='ocrx_word' id='word_1_39' title='bbox 637 1871 851 1944; x_wconf 88' lang='lat' dir='ltr'>Dura</span> <span class='ocrx_word' id='word_1_40' title='bbox 886 1870 1350 1946; x_wconf 89' lang='lat' dir='ltr'>rudimenta!</span> <span class='ocrx_word' id='word_1_41' title='bbox 1409 1883 1485 1945; x_wconf 90' lang='lat' dir='ltr'>et</span> <span class='ocrx_word' id='word_1_42' title='bbox 1520 1871 1709 1944; x_wconf 90' lang='lat' dir='ltr'>nulli</span> <span class='ocrx_word' id='word_1_43' title='bbox 1744 1871 2102 1944; x_wconf 87' lang='lat' dir='ltr'>exaudita</span> <span class='ocrx_word' id='word_1_44' title='bbox 2136 1872 2446 1945; x_wconf 87' lang='lat' dir='ltr'>deorum</span> 
     </span>
    </p>

    <p class='ocr_par' dir='ltr' id='par_1_5' title="bbox 632 2008 2820 2936">
     <span class='ocr_line' id='line_1_8' title="bbox 638 2008 2784 2108; baseline 0 -25"><span class='ocrx_word' id='word_1_45' title='bbox 638 2011 835 2083; x_wconf 88' lang='lat' dir='ltr'>Vota</span> <span class='ocrx_word' id='word_1_46' title='bbox 867 2032 1269 2108; x_wconf 83' lang='lat' dir='ltr'>precesque</span> <span class='ocrx_word' id='word_1_47' title='bbox 1302 2013 1521 2084; x_wconf 85' lang='lat' dir='ltr'>meae!</span> <span class='ocrx_word' id='word_1_48' title='bbox 1574 2010 1860 2107; x_wconf 88' lang='lat' dir='ltr'>Tuque,</span> <span class='ocrx_word' id='word_1_49' title='bbox 1903 2035 1948 2082; x_wconf 94' lang='lat' dir='ltr'>o</span> <span class='ocrx_word' id='word_1_50' title='bbox 1985 2010 2450 2084; x_wconf 88' lang='lat' dir='ltr'>sanctissima</span> <span class='ocrx_word' id='word_1_51' title='bbox 2485 2008 2784 2108; x_wconf 81' lang='lat' dir='ltr'>conjux,</span> 
     </span>
     <span class='ocr_line' id='line_1_9' title="bbox 636 2147 2682 2246; baseline 0 -26"><span class='ocrx_word' id='word_1_52' title='bbox 636 2147 845 2222; x_wconf 87' lang='lat' dir='ltr'>Felix</span> <span class='ocrx_word' id='word_1_53' title='bbox 881 2161 1119 2222; x_wconf 88' lang='lat' dir='ltr'>morte</span> <span class='ocrx_word' id='word_1_54' title='bbox 1152 2161 1305 2239; x_wconf 89' lang='lat' dir='ltr'>tua,</span> <span class='ocrx_word' id='word_1_55' title='bbox 1353 2173 1597 2246; x_wconf 91' lang='lat' dir='ltr'>neque</span> <span class='ocrx_word' id='word_1_56' title='bbox 1634 2147 1711 2221; x_wconf 89' lang='lat' dir='ltr'>in</span> <span class='ocrx_word' id='word_1_57' title='bbox 1748 2147 1955 2221; x_wconf 90' lang='lat' dir='ltr'>hunc</span> <span class='ocrx_word' id='word_1_58' title='bbox 1990 2159 2282 2221; x_wconf 86' lang='lat' dir='ltr'>servata</span> <span class='ocrx_word' id='word_1_59' title='bbox 2315 2147 2682 2222; x_wconf 86' lang='lat' dir='ltr'>dolorem!</span> 
     </span>
     <span class='ocr_line' id='line_1_10' title="bbox 640 2283 2474 2386; baseline -0.001 -26"><span class='ocrx_word' id='word_1_60' title='bbox 640 2285 927 2360; x_wconf 85' lang='lat' dir='ltr'><strong>Contra</strong></span> <span class='ocrx_word' id='word_1_61' title='bbox 962 2311 1103 2386; x_wconf 88' lang='lat' dir='ltr'>ego</span> <span class='ocrx_word' id='word_1_62' title='bbox 1137 2286 1462 2360; x_wconf 89' lang='lat' dir='ltr'>vivendo</span> <span class='ocrx_word' id='word_1_63' title='bbox 1500 2285 1645 2359; x_wconf 90' lang='lat' dir='ltr'>vici</span> <span class='ocrx_word' id='word_1_64' title='bbox 1682 2310 1850 2358; x_wconf 90' lang='lat' dir='ltr'>mea</span> <span class='ocrx_word' id='word_1_65' title='bbox 1882 2283 2062 2376; x_wconf 82' lang='lat' dir='ltr'><strong>fata,</strong></span> <span class='ocrx_word' id='word_1_66' title='bbox 2107 2299 2474 2382; x_wconf 88' lang='lat' dir='ltr'>superstes</span> 
     </span>
     <span class='ocr_line' id='line_1_11' title="bbox 634 2422 2714 2523; baseline 0 -25"><span class='ocrx_word' id='word_1_67' title='bbox 634 2425 1018 2498; x_wconf 89' lang='lat' dir='ltr'>Restarem</span> <span class='ocrx_word' id='word_1_68' title='bbox 1054 2435 1139 2498; x_wconf 90' lang='lat' dir='ltr'>ut</span> <span class='ocrx_word' id='word_1_69' title='bbox 1174 2425 1493 2523; x_wconf 89' lang='lat' dir='ltr'>genitor.</span> <span class='ocrx_word' id='word_1_70' title='bbox 1585 2424 1863 2496; x_wconf 90' lang='lat' dir='ltr'>Troum</span> <span class='ocrx_word' id='word_1_71' title='bbox 1901 2422 2102 2495; x_wconf 87' lang='lat' dir='ltr'>socia</span> <span class='ocrx_word' id='word_1_72' title='bbox 2137 2447 2343 2496; x_wconf 89' lang='lat' dir='ltr'>arma</span> <span class='ocrx_word' id='word_1_73' title='bbox 2374 2437 2714 2498; x_wconf 87' lang='lat' dir='ltr'>secutum</span> 
     </span>
     <span class='ocr_line' id='line_1_12' title="bbox 633 2561 2608 2661; baseline 0 -26"><span class='ocrx_word' id='word_1_74' title='bbox 633 2561 1061 2637; x_wconf 87' lang='lat' dir='ltr'>Obruerent</span> <span class='ocrx_word' id='word_1_75' title='bbox 1095 2562 1355 2636; x_wconf 84' lang='lat' dir='ltr'>Rutuli</span> <span class='ocrx_word' id='word_1_76' title='bbox 1390 2562 1593 2637; x_wconf 87' lang='lat' dir='ltr'>telis!</span> <span class='ocrx_word' id='word_1_77' title='bbox 1651 2561 1975 2635; x_wconf 87' lang='lat' dir='ltr'>animam</span> <span class='ocrx_word' id='word_1_78' title='bbox 2015 2561 2169 2661; x_wconf 91' lang='lat' dir='ltr'>ipse</span> <span class='ocrx_word' id='word_1_79' title='bbox 2204 2562 2570 2636; x_wconf 89' lang='lat' dir='ltr'>dedissem</span> <span class='ocrx_word' id='word_1_80' title='bbox 2589 2590 2608 2652; x_wconf 91' lang='lat'>;</span> 
     </span>
     <span class='ocr_line' id='line_1_13' title="bbox 632 2698 2820 2798; baseline 0 -24"><span class='ocrx_word' id='word_1_81' title='bbox 632 2703 882 2798; x_wconf 88' lang='lat' dir='ltr'>Atque</span> <span class='ocrx_word' id='word_1_82' title='bbox 910 2700 1066 2774; x_wconf 86' lang='lat' dir='ltr'>haec</span> <span class='ocrx_word' id='word_1_83' title='bbox 1094 2725 1365 2798; x_wconf 88' lang='lat' dir='ltr'>pompa</span> <span class='ocrx_word' id='word_1_84' title='bbox 1386 2699 1689 2773; x_wconf 92' lang='lat' dir='ltr'>domum</span> <span class='ocrx_word' id='word_1_85' title='bbox 1720 2725 1860 2790; x_wconf 89' lang='lat' dir='ltr'>me,</span> <span class='ocrx_word' id='word_1_86' title='bbox 1896 2724 2049 2772; x_wconf 92' lang='lat' dir='ltr'>non</span> <span class='ocrx_word' id='word_1_87' title='bbox 2077 2698 2436 2792; x_wconf 81' lang='lat' dir='ltr'><strong>Pallanta,</strong></span> <span class='ocrx_word' id='word_1_88' title='bbox 2473 2699 2820 2776; x_wconf 86' lang='lat' dir='ltr'>referret!</span> 
     </span>
     <span class='ocr_line' id='line_1_14' title="bbox 634 2835 2666 2936; baseline 0 -24"><span class='ocrx_word' id='word_1_89' title='bbox 634 2839 803 2912; x_wconf 90' lang='lat' dir='ltr'>Nec</span> <span class='ocrx_word' id='word_1_90' title='bbox 839 2863 967 2912; x_wconf 89' lang='lat' dir='ltr'>vos</span> <span class='ocrx_word' id='word_1_91' title='bbox 1004 2838 1409 2936; x_wconf 86' lang='lat' dir='ltr'>arguerim,.</span> <span class='ocrx_word' id='word_1_92' title='bbox 1436 2837 1729 2927; x_wconf 88' lang='lat' dir='ltr'>Teucri,</span> <span class='ocrx_word' id='word_1_93' title='bbox 1779 2861 1923 2910; x_wconf 90' lang='lat' dir='ltr'>nec</span> <span class='ocrx_word' id='word_1_94' title='bbox 1960 2835 2259 2928; x_wconf 82' lang='lat' dir='ltr'>foedera,</span> <span class='ocrx_word' id='word_1_95' title='bbox 2305 2862 2448 2911; x_wconf 91' lang='lat' dir='ltr'>nec</span> <span class='ocrx_word' id='word_1_96' title='bbox 2484 2863 2666 2936; x_wconf 90' lang='lat' dir='ltr'>quas</span> 
     </span>
    </p>

    <p class='ocr_par' dir='ltr' id='par_1_6' title="bbox 629 2974 2666 3628">
     <span class='ocr_line' id='line_1_15' title="bbox 630 2974 2510 3073; baseline -0.001 -22"><span class='ocrx_word' id='word_1_97' title='bbox 630 2977 678 3052; x_wconf 89' lang='lat' dir='ltr'>J</span> <span class='ocrx_word' id='word_1_98' title='bbox 682 2976 1034 3050; x_wconf 86' lang='lat' dir='ltr'>unximus</span> <span class='ocrx_word' id='word_1_99' title='bbox 1070 2975 1389 3073; x_wconf 91' lang='lat' dir='ltr'>hospitio</span> <span class='ocrx_word' id='word_1_100' title='bbox 1425 2975 1765 3048; x_wconf 84' lang='lat' dir='ltr'>dextras:</span> <span class='ocrx_word' id='word_1_101' title='bbox 1824 2999 1978 3048; x_wconf 85' lang='lat' dir='ltr'>sors</span> <span class='ocrx_word' id='word_1_102' title='bbox 2013 2974 2155 3048; x_wconf 87' lang='lat' dir='ltr'>ista</span> <span class='ocrx_word' id='word_1_103' title='bbox 2189 2987 2510 3049; x_wconf 83' lang='lat' dir='ltr'>senectae</span> 
     </span>
     <span class='ocr_line' id='line_1_16' title="bbox 630 3110 2666 3198; baseline -0.002 -8"><span class='ocrx_word' id='word_1_104' title='bbox 630 3115 911 3190; x_wconf 88' lang='lat' dir='ltr'>Debita</span> <span class='ocrx_word' id='word_1_105' title='bbox 946 3123 1105 3188; x_wconf 85' lang='lat' dir='ltr'>erat</span> <span class='ocrx_word' id='word_1_106' title='bbox 1138 3125 1428 3188; x_wconf 85' lang='lat' dir='ltr'>nostrae.</span> <span class='ocrx_word' id='word_1_107' title='bbox 1517 3111 1742 3198; x_wconf 86' lang='lat' dir='ltr'>Quod</span> <span class='ocrx_word' id='word_1_108' title='bbox 1780 3111 1839 3185; x_wconf 90' lang='lat' dir='ltr'>si</span> <span class='ocrx_word' id='word_1_109' title='bbox 1876 3110 2276 3185; x_wconf 86' lang='lat' dir='ltr'>immatura</span> <span class='ocrx_word' id='word_1_110' title='bbox 2313 3113 2666 3188; x_wconf 88' lang='lat' dir='ltr'>manebat</span> 
     </span>
     <span class='ocr_line' id='line_1_17' title="bbox 632 3249 2506 3343; baseline -0.002 -16"><span class='ocrx_word' id='word_1_111' title='bbox 632 3255 839 3327; x_wconf 88' lang='lat' dir='ltr'>Mors</span> <span class='ocrx_word' id='word_1_112' title='bbox 875 3266 1137 3327; x_wconf 88' lang='lat' dir='ltr'>natum</span> <span class='ocrx_word' id='word_1_113' title='bbox 1157 3280 1177 3342; x_wconf 91' lang='lat'>;</span> <span class='ocrx_word' id='word_1_114' title='bbox 1236 3251 1437 3326; x_wconf 81' lang='lat' dir='ltr'>caesis</span> <span class='ocrx_word' id='word_1_115' title='bbox 1466 3250 1911 3324; x_wconf 90' lang='lat' dir='ltr'>Volscorum</span> <span class='ocrx_word' id='word_1_116' title='bbox 1947 3249 2270 3323; x_wconf 89' lang='lat' dir='ltr'>millibus</span> <span class='ocrx_word' id='word_1_117' title='bbox 2309 3262 2506 3343; x_wconf 89' lang='lat' dir='ltr'>ante,</span> 
     </span>
     <span class='ocr_line' id='line_1_18' title="bbox 629 3386 2602 3486; baseline -0.002 -20"><span class='ocrx_word' id='word_1_118' title='bbox 629 3393 1057 3466; x_wconf 88' lang='lat' dir='ltr'>Ducentem</span> <span class='ocrx_word' id='word_1_119' title='bbox 1096 3390 1174 3462; x_wconf 92' lang='lat' dir='ltr'>in</span> <span class='ocrx_word' id='word_1_120' title='bbox 1213 3389 1513 3464; x_wconf 89' lang='lat' dir='ltr'>Latium</span> <span class='ocrx_word' id='word_1_121' title='bbox 1540 3389 1867 3462; x_wconf 87' lang='lat' dir='ltr'>Teucros</span> <span class='ocrx_word' id='word_1_122' title='bbox 1907 3387 2261 3460; x_wconf 89' lang='lat' dir='ltr'>cecidisse</span> <span class='ocrx_word' id='word_1_123' title='bbox 2283 3386 2602 3486; x_wconf 86' lang='lat' dir='ltr'>juvabit.</span> 
     </span>
     <span class='ocr_line' id='line_1_19' title="bbox 632 3522 2402 3628; baseline -0.003 -25"><span class='ocrx_word' id='word_1_124' title='bbox 632 3530 841 3614; x_wconf 85' lang='lat' dir='ltr'>Quin</span> <span class='ocrx_word' id='word_1_125' title='bbox 878 3553 1019 3628; x_wconf 86' lang='lat' dir='ltr'>ego</span> <span class='ocrx_word' id='word_1_126' title='bbox 1052 3552 1207 3602; x_wconf 88' lang='lat' dir='ltr'>non</span> <span class='ocrx_word' id='word_1_127' title='bbox 1244 3527 1389 3600; x_wconf 88' lang='lat' dir='ltr'>alio</span> <span class='ocrx_word' id='word_1_128' title='bbox 1423 3525 1698 3624; x_wconf 85' lang='lat' dir='ltr'>digner</span> <span class='ocrx_word' id='word_1_129' title='bbox 1730 3537 1806 3598; x_wconf 89' lang='lat' dir='ltr'>te</span> <span class='ocrx_word' id='word_1_130' title='bbox 1842 3522 2130 3618; x_wconf 87' lang='lat' dir='ltr'>funere,</span> <span class='ocrx_word' id='word_1_131' title='bbox 2177 3525 2402 3618; x_wconf 88' lang='lat' dir='ltr'>Palla,</span> 
     </span>
    </p>

    <p class='ocr_par' dir='ltr' id='par_1_7' title="bbox 625 3662 2794 4314">
     <span class='ocr_line' id='line_1_20' title="bbox 631 3662 2794 3764; baseline 0 -25"><span class='ocrx_word' id='word_1_132' title='bbox 631 3668 881 3752; x_wconf 85' lang='lat' dir='ltr'>Quam</span> <span class='ocrx_word' id='word_1_133' title='bbox 914 3666 1077 3764; x_wconf 90' lang='lat' dir='ltr'>pius</span> <span class='ocrx_word' id='word_1_134' title='bbox 1100 3665 1390 3755; x_wconf 77' lang='lat' dir='ltr'>AEneaS,</span> <span class='ocrx_word' id='word_1_135' title='bbox 1427 3676 1503 3737; x_wconf 88' lang='lat' dir='ltr'>et</span> <span class='ocrx_word' id='word_1_136' title='bbox 1528 3688 1753 3761; x_wconf 87' lang='lat' dir='ltr'>quam</span> <span class='ocrx_word' id='word_1_137' title='bbox 1787 3662 2045 3761; x_wconf 86' lang='lat' dir='ltr'>magni</span> <span class='ocrx_word' id='word_1_138' title='bbox 2073 3663 2428 3763; x_wconf 75' lang='lat' dir='ltr'>PhrygeS,</span> <span class='ocrx_word' id='word_1_139' title='bbox 2470 3678 2545 3738; x_wconf 90' lang='lat' dir='ltr'>et</span> <span class='ocrx_word' id='word_1_140' title='bbox 2573 3691 2794 3764; x_wconf 87' lang='lat' dir='ltr'>quam</span> 
     </span>
     <span class='ocr_line' id='line_1_21' title="bbox 626 3801 2663 3902; baseline 0 -26"><span class='ocrx_word' id='word_1_141' title='bbox 626 3803 1139 3902; x_wconf 89' lang='lat' dir='ltr'>Tyrrhenique</span> <span class='ocrx_word' id='word_1_142' title='bbox 1175 3802 1427 3894; x_wconf 76' lang='lat' dir='ltr'>duceS,</span> <span class='ocrx_word' id='word_1_143' title='bbox 1462 3801 1938 3898; x_wconf 69' lang='lat' dir='ltr'>Tyrrhenum</span> <span class='ocrx_word' id='word_1_144' title='bbox 1975 3801 2348 3874; x_wconf 85' lang='lat' dir='ltr'>exercitus</span> <span class='ocrx_word' id='word_1_145' title='bbox 2385 3803 2663 3876; x_wconf 66' lang='lat' dir='ltr'>omnis}</span> 
     </span>
     <span class='ocr_line' id='line_1_22' title="bbox 636 3939 2736 4040; baseline 0 -26"><span class='ocrx_word' id='word_1_146' title='bbox 636 3941 959 4040; x_wconf 86' lang='lat' dir='ltr'><strong>[Magna</strong></span> <span class='ocrx_word' id='word_1_147' title='bbox 993 3952 1267 4038; x_wconf 85' lang='lat' dir='ltr'>tropaea</span> <span class='ocrx_word' id='word_1_148' title='bbox 1296 3939 1574 4030; x_wconf 85' lang='lat' dir='ltr'>ferunt,</span> <span class='ocrx_word' id='word_1_149' title='bbox 1622 3963 1804 4038; x_wconf 89' lang='lat' dir='ltr'>quos</span> <span class='ocrx_word' id='word_1_150' title='bbox 1842 3940 1974 4012; x_wconf 84' lang='lat' dir='ltr'>dat</span> <span class='ocrx_word' id='word_1_151' title='bbox 2006 3949 2140 4012; x_wconf 91' lang='lat' dir='ltr'>tua</span> <span class='ocrx_word' id='word_1_152' title='bbox 2174 3939 2487 4014; x_wconf 86' lang='lat' dir='ltr'>dextera</span> <span class='ocrx_word' id='word_1_153' title='bbox 2523 3943 2736 4038; x_wconf 89' lang='lat' dir='ltr'>let0.]</span> 
     </span>
     <span class='ocr_line' id='line_1_23' title="bbox 625 4076 2703 4176; baseline 0 -24"><span class='ocrx_word' id='word_1_154' title='bbox 625 4080 743 4152; x_wconf 89' lang='lat' dir='ltr'>Tu</span> <span class='ocrx_word' id='word_1_155' title='bbox 779 4101 1071 4176; x_wconf 89' lang='lat' dir='ltr'>quoque</span> <span class='ocrx_word' id='word_1_156' title='bbox 1104 4101 1313 4150; x_wconf 90' lang='lat' dir='ltr'>nunc</span> <span class='ocrx_word' id='word_1_157' title='bbox 1350 4089 1580 4151; x_wconf 88' lang='lat' dir='ltr'>stares</span> <span class='ocrx_word' id='word_1_158' title='bbox 1618 4076 1961 4150; x_wconf 88' lang='lat' dir='ltr'>immanis</span> <span class='ocrx_word' id='word_1_159' title='bbox 1999 4089 2312 4150; x_wconf 87' lang='lat' dir='ltr'>truncus</span> <span class='ocrx_word' id='word_1_160' title='bbox 2348 4078 2426 4152; x_wconf 92' lang='lat' dir='ltr'>in</span> <span class='ocrx_word' id='word_1_161' title='bbox 2462 4080 2703 4171; x_wconf 86' lang='lat' dir='ltr'>armis,</span> 
     </span>
     <span class='ocr_line' id='line_1_24' title="bbox 626 4214 2354 4314; baseline -0.002 -22"><span class='ocrx_word' id='word_1_162' title='bbox 626 4219 842 4292; x_wconf 88' lang='lat' dir='ltr'>Esset</span> <span class='ocrx_word' id='word_1_163' title='bbox 876 4241 1011 4314; x_wconf 89' lang='lat' dir='ltr'>par</span> <span class='ocrx_word' id='word_1_164' title='bbox 1044 4226 1238 4307; x_wconf 77' lang='lat' dir='ltr'>aetaS,</span> <span class='ocrx_word' id='word_1_165' title='bbox 1285 4228 1361 4288; x_wconf 89' lang='lat' dir='ltr'>et</span> <span class='ocrx_word' id='word_1_166' title='bbox 1398 4216 1594 4290; x_wconf 90' lang='lat' dir='ltr'>idem</span> <span class='ocrx_word' id='word_1_167' title='bbox 1629 4215 1689 4288; x_wconf 93' lang='lat' dir='ltr'>si</span> <span class='ocrx_word' id='word_1_168' title='bbox 1725 4214 1951 4288; x_wconf 89' lang='lat' dir='ltr'>robur</span> <span class='ocrx_word' id='word_1_169' title='bbox 1987 4214 2081 4287; x_wconf 86' lang='lat' dir='ltr'>ab</span> <span class='ocrx_word' id='word_1_170' title='bbox 2118 4215 2354 4306; x_wconf 83' lang='lat' dir='ltr'>anniS‚</span> 
     </span>
    </p>

    <p class='ocr_par' dir='ltr' id='par_1_8' title="bbox 623 4351 2704 4590">
     <span class='ocr_line' id='line_1_25' title="bbox 623 4351 2704 4450; baseline -0.001 -20"><span class='ocrx_word' id='word_1_171' title='bbox 623 4358 899 4432; x_wconf 90' lang='lat' dir='ltr'>Turne.</span> <span class='ocrx_word' id='word_1_172' title='bbox 1010 4353 1150 4428; x_wconf 91' lang='lat' dir='ltr'>Sed</span> <span class='ocrx_word' id='word_1_173' title='bbox 1185 4351 1449 4427; x_wconf 87' lang='lat' dir='ltr'>infelix</span> <span class='ocrx_word' id='word_1_174' title='bbox 1484 4353 1809 4427; x_wconf 89' lang='lat' dir='ltr'>Teucros</span> <span class='ocrx_word' id='word_1_175' title='bbox 1844 4352 2026 4450; x_wconf 91' lang='lat' dir='ltr'>quid</span> <span class='ocrx_word' id='word_1_176' title='bbox 2062 4352 2407 4426; x_wconf 90' lang='lat' dir='ltr'>demoror</span> <span class='ocrx_word' id='word_1_177' title='bbox 2441 4355 2704 4427; x_wconf 88' lang='lat' dir='ltr'>armis?</span> 
     </span>
     <span class='ocr_line' id='line_1_26' title="bbox 626 4489 2563 4590; baseline -0.002 -23"><span class='ocrx_word' id='word_1_178' title='bbox 626 4493 921 4584; x_wconf 91' lang='lat' dir='ltr'>Vadite,</span> <span class='ocrx_word' id='word_1_179' title='bbox 968 4503 1045 4566; x_wconf 89' lang='lat' dir='ltr'>et</span> <span class='ocrx_word' id='word_1_180' title='bbox 1079 4491 1237 4564; x_wconf 85' lang='lat' dir='ltr'>haec</span> <span class='ocrx_word' id='word_1_181' title='bbox 1276 4513 1634 4563; x_wconf 88' lang='lat' dir='ltr'>memores</span> <span class='ocrx_word' id='word_1_182' title='bbox 1669 4491 1830 4590; x_wconf 88' lang='lat' dir='ltr'>regi</span> <span class='ocrx_word' id='word_1_183' title='bbox 1863 4489 2222 4564; x_wconf 85' lang='lat' dir='ltr'>mandata</span> <span class='ocrx_word' id='word_1_184' title='bbox 2254 4489 2563 4564; x_wconf 88' lang='lat' dir='ltr'>referte:</span> 
     </span>
    </p>
   </div>
   <div class='ocr_carea' id='block_1_3' title="bbox 628 4627 2588 4825">
    <p class='ocr_par' dir='ltr' id='par_1_9' title="bbox 628 4627 2588 4825">
     <span class='ocr_line' id='line_1_27' title="bbox 628 4627 2588 4726; baseline -0.003 -20"><span class='ocrx_word' id='word_1_185' title='bbox 628 4631 853 4718; x_wconf 83' lang='lat' dir='ltr'>Quod</span> <span class='ocrx_word' id='word_1_186' title='bbox 887 4631 1119 4706; x_wconf 83' lang='lat' dir='ltr'>vitam</span> <span class='ocrx_word' id='word_1_187' title='bbox 1154 4652 1400 4704; x_wconf 90' lang='lat' dir='ltr'>moror</span> <span class='ocrx_word' id='word_1_188' title='bbox 1432 4627 1767 4722; x_wconf 86' lang='lat' dir='ltr'>invisam,</span> <span class='ocrx_word' id='word_1_189' title='bbox 1814 4627 2152 4702; x_wconf 86' lang='lat' dir='ltr'>Pallante</span> <span class='ocrx_word' id='word_1_190' title='bbox 2188 4643 2588 4726; x_wconf 89' lang='lat' dir='ltr'>perempt0,</span> 
     </span>
     <span class='ocr_line' id='line_1_28' title="bbox 778 4773 2506 4825; baseline -0.002 0"><span class='ocrx_word' id='word_1_191' title='bbox 778 4787 807 4825; x_wconf 67' lang='grc' dir='ltr'>α</span> <span class='ocrx_word' id='word_1_192' title='bbox 2413 4781 2446 4822; x_wconf 79' lang='lat'>2</span> <span class='ocrx_word' id='word_1_193' title='bbox 2466 4773 2506 4820; x_wconf 84' lang='grc' dir='ltr'><strong>Ε</strong></span> 
     </span>
    </p>
   </div>
  </div>
 </body>
</html>
