3792 6234
922 981 1061 1054 170
1772 967 2212 1045 AENEIS.
2849 991 2918 1042 v.
2957 975 3076 1049 ⁵74.

912 1169 1398 1260 Nascentem,
1445 1179 1523 1242 et
1555 1167 1800 1269 patria
1824 1168 2167 1242 Turnum
2205 1166 2613 1241 consistere
2656 1178 2878 1258 terra,

913 1306 1058 1382 Cui
1094 1306 1481 1380 Pilumnus
1518 1331 1718 1398 avus,
1769 1307 1894 1380 cui
1929 1306 2104 1381 diva
2133 1305 2434 1380 Venilia
2465 1318 2748 1382 mater:

910 1445 1117 1532 Quid
1150 1443 1319 1542 face
1345 1442 1706 1543 Trojanos
1748 1458 1914 1519 atra
1945 1445 2100 1519 vim
2133 1444 2332 1518 ferre
2369 1443 2682 1536 Latinis,

909 1585 1115 1658 Arva
1148 1584 1395 1660 aliena
1413 1581 1605 1683 jugo
1640 1608 2000 1682 premere,
2047 1595 2276 1681 atque
2309 1595 2650 1656 avertere
2685 1579 3012 1681 praedas?

911 1722 1119 1809 Quid
1152 1747 1446 1797 soceros
1479 1723 1754 1822 legere,
1802 1735 1878 1796 et
1913 1721 2215 1822 gremiis
2251 1721 2626 1795 abducere
2661 1731 2958 1821 pactas;

909 1861 1183 1936 Pacem
1218 1885 1429 1936 orare
1464 1886 1717 1954 manu,
1764 1863 2143 1961 praefigere
2179 1861 2546 1959 puppibus
2583 1859 2833 1933 arma?

906 2000 1025 2074 Tu
1061 2013 1271 2099 potes
1306 2001 1599 2075 AEnean
1635 1999 1982 2074 manibus
2017 1999 2438 2075 subducere
2473 1999 2812 2090 Graium,

909 2138 1200 2237 Proque
1232 2139 1395 2216 viro
1428 2139 1783 2213 nebulam
1821 2151 1900 2213 et
1932 2149 2197 2214 ventos
2234 2137 2647 2213 obtendere
2685 2138 2984 2229 inanes3

907 2277 1008 2352 Et
1040 2291 1252 2377 potes
1287 2277 1365 2352 in
1402 2277 1721 2352 totidem
1757 2278 2068 2352 classem
2104 2289 2544 2372 convertere
2582 2275 3016 2375 Nymphas:

909 2415 1073 2490 Nos
1110 2416 1388 2514 aliquid
1427 2416 1745 2491 Rutulos
1783 2428 2051 2489 contra
2072 2412 2355 2514 juvisse
2390 2415 2806 2490 nefandum
2844 2414 3001 2489 est?

904 2555 1177 2628 AEneas
1214 2554 1519 2654 ignarus
1556 2553 1803 2628 abest:
1861 2553 2169 2654 ignarus
2208 2568 2286 2629 et
2321 2555 2535 2629 absit.

904 2692 1041 2766 Est
1075 2691 1371 2790 Paphus
1405 2690 1877 2791 Idaliumque
1915 2693 2075 2787 tibi,
2125 2707 2303 2768 sunt
2338 2694 2492 2766 alta
2523 2692 2896 2791 Cythera:
2993 2734 2998 2738 ·

908 2830 1117 2916 Quid
1149 2829 1538 2930 gravidam
1568 2831 1779 2905 bellis
1815 2829 2078 2905 urbem
2115 2845 2193 2906 et
2231 2831 2459 2906 corda
2493 2855 2754 2928 aspera
2786 2829 3084 2904 tentas?

907 2967 1171 3042 Nosne
1206 2968 1347 3042 tibi
1382 2971 1622 3042 fluxas
1659 2968 2002 3068 Phrygiae
2037 2994 2154 3044 res
2187 2983 2481 3044 vertere
2517 2969 2759 3044 fundo

908 3106 1339 3181 Conamur?
1391 3108 1571 3180 nos?
1625 3133 1721 3181 an
1760 3106 2064 3182 miseros
2101 3107 2230 3206 qui
2263 3107 2492 3180 Troas
2528 3105 2836 3182 Achivis

907 3242 1251 3343 Objecit?
1305 3245 1495 3331 Quae
1530 3270 1755 3319 causa
1786 3244 1937 3320 fuit
1972 3270 2426 3346 consurgere
2463 3245 2540 3318 i'n
2579 3270 2786 3318 arma

906 3381 1433 3482 Europamque
1466 3383 1891 3481 Asiamque,
1942 3395 2019 3456 et
2053 3381 2337 3457 foedera
2371 3383 2656 3457 solvere
2691 3381 2945 3458 furto?

909 3521 1043 3594 Me
1080 3521 1275 3596 duce
1310 3521 1740 3596 Dardanius
1776 3522 2114 3620 Spartam
2151 3523 2622 3621 expugnavit
2657 3521 2996 3596 adulter?

852 3750 855 3754 ι
907 3661 1067 3734 Aut
1100 3683 1243 3758 ego
1278 3661 1430 3732 tela
1464 3659 1659 3753 dedi,
1706 3657 1958 3734 fovive
1994 3661 2349 3760 cupidine
2385 3661 2622 3735 bella?

904 3797 1102 3870 Tum
1136 3795 1393 3870 decuit
1427 3799 1777 3872 metuisse
1815 3797 1998 3885 tuis:
2059 3822 2276 3872 nunc.
2305 3823 2472 3872 sera
2503 3799 2820 3896 querelis

909 3934 1138 4008 Haud
1159 3933 1382 4033 justis
1418 3935 1777 4036 assurgi83
1836 3949 1916 4010 et
1951 3937 2163 4011 irrita
2185 3935 2443 4036 jurgia
2464 3935 2730 4034 jactas,

1053 4073 1357 4146 Talibus
1392 4072 1656 4149 orabat
1685 4075 1733 4149 J
1741 4099 1930 4165 un03
1991 4076 2398 4174 cunctique
2433 4074 2859 4149 fremebant

910 4210 1282 4287 Coelicolae
1316 4236 1617 4286 assensu
1650 4212 1894 4286 vario:
1955 4237 2096 4286 ceu
2130 4213 2436 4286 flamina
2468 4213 2708 4312 prima

909 4349 1171 4435 Quum
1206 4350 1573 4449 deprensa
1603 4349 1940 4424 fremunt
1973 4349 2218 4449 sylviS,
2268 4362 2345 4424 et
2381 4375 2578 4424 caeca
2609 4352 2960 4425 volutant

908 4489 1323 4581 Murmura,
1368 4501 1723 4562 venturos
1758 4486 2008 4561 nautis
2045 4487 2442 4586 prodentia
2473 4500 2758 4562 ventos.

906 4626 1101 4702 Tum
1137 4636 1351 4727 pater
1382 4627 1877 4726 omnipotens,
1923 4649 2173 4704 rerum
2209 4626 2334 4700 cui
2366 4650 2658 4702 summa
2689 4635 3037 4727 potestas,
