3792 6234
873 966 1005 1031 132
1720 957 2157 1030 AENEIS.
2741 979 2812 1030 V.
2845 957 3012 1041 691.

862 1153 1250 1252 Cycladas,
1298 1166 1429 1228 aut
1462 1166 1755 1228 montes
1792 1178 2240 1228 concurrere
2275 1153 2654 1228 montibus
2691 1154 2918 1228 altos:

857 1294 1105 1367 Tanta
1140 1295 1332 1367 mole
1370 1294 1506 1368 viri
1545 1292 1826 1368 turritis
1863 1292 2230 1392 puppibus
2267 1294 2571 1367 instant.

859 1431 1182 1530 Stuppea
1215 1431 1511 1504 flamma
1544 1457 1796 1522 manu,
1845 1431 2156 1528 telisque
2191 1431 2490 1504 volatile
2524 1430 2806 1506 ferrum

858 1569 1279 1668 Spargitur:
1339 1594 1515 1642 arva
1549 1595 1747 1643 nova
1781 1569 2174 1669 Neptunia
2208 1569 2406 1643 caede
2441 1569 2872 1645 rubescunt.

859 1706 1153 1806 Regina
1187 1707 1266 1781 in
1302 1708 1563 1782 mediis
1598 1709 1841 1807 patrio
1877 1721 2100 1783 vocat
2133 1707 2438 1808 agmina
2469 1709 2725 1797 sistr03

860 1845 1212 1919 Necdum
1248 1847 1476 1919 etiam
1512 1847 1849 1945 geminos
1886 1871 1932 1919 a
1963 1859 2180 1944 tergo
2215 1844 2516 1944 respicit
2552 1869 2858 1944 angues,

856 1983 1514 2082 omnigenumque
1551 1984 1769 2057 deum
1810 1997 2163 2076 monstra,
2213 1994 2290 2056 et
2325 1983 2636 2058 latrator
2669 1981 2981 2074 Anubis,

859 2120 1145 2194 Contra
1169 2122 1615 2220 Neptunum
1646 2134 1723 2196 et
1737 2123 2135 2214 Venerem,
2165 2134 2575 2219 contraque
2602 2120 3052 2215 Minervam,

852 2259 1038 2332 Tela
1071 2271 1374 2333 tenent:
1432 2261 1635 2334 saevit
1671 2260 1919 2334 medio
1953 2260 2032 2334 in
2071 2259 2481 2333 certamine
2519 2259 2821 2333 Mavors

857 2395 1179 2470 Caelatus
1213 2396 1431 2488 ferm,
1476 2398 1871 2496 tristesque
1907 2425 2003 2472 ex
2039 2400 2310 2472 aethere
2349 2397 2585 2488 Dirae3

856 2532 955 2607 Et
988 2533 1213 2608 scissa
1246 2536 1581 2634 gaudens
1617 2536 1829 2610 vadit
1861 2536 2258 2610 Discordia
2293 2536 2506 2636 palla,

857 2670 1107 2756 Quam
1144 2697 1316 2745 cum
1352 2675 1768 2772 sanguineo
1801 2672 2137 2772 sequitur
2173 2674 2481 2747 Bellona
2517 2675 2832 2773 flagello.
2959 2679 2963 2684 ’

854 2808 1119 2882 Actius
1157 2811 1312 2884 haec
1352 2835 1664 2885 cernens
1702 2835 1960 2885 arcum
1997 2811 2442 2885 intendebat
2476 2812 2746 2910 Apollo

855 2946 1230 3044 Desuper:
1288 2948 1527 3022 omnis
1564 2973 1653 3022 eo
1686 2959 1970 3023 terrore
2003 2949 2393 3049 AEgyptuS‚
2444 2963 2520 3022 et
2556 2948 2755 3040 Indi,

856 3083 1118 3158 Omnis
1152 3085 1411 3177 Arabs,
1458 3110 1715 3160 omnes
1751 3086 2146 3161 vertebant
2181 3099 2398 3186 terga
2433 3085 2682 3160 Sabaei.

854 3221 1028 3320 Ipsa
1058 3223 1455 3298 videbatur
1486 3225 1730 3299 ventis
1768 3224 2032 3324 regina
2064 3224 2346 3298 vocatis

855 3361 1047 3434 Vela
1080 3362 1275 3454 dare,
1325 3376 1402 3435 et
1436 3364 1644 3437 laxos
1667 3363 1825 3461 jam
1848 3362 2156 3461 jamque
2191 3362 2594 3437 immittere
2627 3362 2866 3436 funeS.

857 3498 1073 3572 Illam
1108 3502 1308 3575 inter
1340 3502 1596 3593 caedeS,
1644 3503 2047 3600 pallentem
2083 3515 2323 3575 morte
2358 3500 2633 3592 futura,

856 3636 1163 3711 Fecerat
1201 3639 1627 3738 ignipotens
1664 3640 1885 3713 undis
1923 3651 1999 3713 et
2036 3639 2318 3738 Iapyge
2354 3638 2569 3713 ferri:

858 3773 1145 3850 Contra
1166 3773 1431 3851 'autem
1467 3803 1745 3877 magno
1778 3791 2208 3852 maerentem
2247 3802 2554 3876 corpore
2591 3776 2877 3869 Nilum,

857 3912 1468 4013 Pandentemque
1510 3916 1734 4008 sinuS‚
1784 3928 1860 3990 et
1894 3928 2056 3989 tota
2087 3928 2295 3990 veste
2331 3927 2730 3988 vocantem

861 4050 1277 4126 Caeruleum
1312 4053 1391 4126 in
1426 4055 1795 4152 gremium
1832 4053 2345 4151 latebrosaque
2384 4052 2694 4126 flumina
2727 4053 2986 4127 victos,

855 4191 961 4263 At
996 4187 1259 4282 Caesar,
1309 4189 1585 4289 triplici
1620 4191 1960 4265 invectus
1999 4190 2338 4265 Romana
2371 4191 2748 4290 triumpho

860 4326 1163 4419 Moenia,
1211 4327 1321 4401 dis
1358 4328 1566 4403 Italis
1599 4341 1859 4402 votum
1895 4328 2312 4403 immortale
2345 4329 2705 4423 sacrabat,

859 4465 1201 4538 Maxima
1234 4478 1659 4540 tercentum
1692 4478 1930 4540 totam
1966 4466 2276 4541 delubra
2309 4492 2441 4566 per
2475 4468 2755 4541 urbem.

860 4599 1150 4676 Laetitia
1182 4602 1523 4700 ludisque
1558 4604 1694 4678 viae
1726 4604 2137 4702 plausuque
2171 4604 2630 4679 fremebant:
