3792 6234
683 972 752 1020 v.
801 951 968 1019 142:
1474 945 1862 1022 LIBER
1960 947 2052 1022 V.
2803 961 2852 1030 7

685 1143 1150 1218 Convulsum
1186 1144 1405 1218 remis
1439 1147 1839 1245 rostrisque
1873 1145 2325 1221 tridentibus
2362 1171 2627 1243 aequor.

682 1281 865 1354 Non
899 1295 1060 1354 tam
1093 1283 1505 1381 praecipites
1538 1282 1798 1383 bijugo
1837 1284 2247 1358 certamine
2282 1309 2627 1384 campum

682 1418 1148 1518 Corripuere,
1195 1433 1572 1520 ruuntque
1610 1422 1826 1495 effusi
1862 1447 2162 1496 carcere
2202 1447 2459 1496 currus
2478 1451 2499 1513 ;

681 1557 853 1631 Nec
888 1557 994 1630 sic
1031 1558 1370 1632 immissis
1407 1559 1685 1660 aurigae
1721 1560 2093 1635 undantia
2127 1562 2286 1635 lora

641 1755 645 1759 .
680 1694 1145 1771 Concussere
1169 1696 1397 1797 jugiS,
1445 1699 1806 1797 pronique
1843 1698 1921 1772 in
1956 1698 2270 1773 verbera
2307 1699 2661 1799 pendent.

674 1833 869 1907 Tum
903 1835 1166 1934 plausu
1193 1833 1646 1935 fremituque
1674 1836 1938 1928 virum,
1978 1837 2387 1936 studiisque
2420 1837 2833 1930 faventum,
2864 1843 2897 1898 -’

677 1970 1064 2046 Consonat
1099 1998 1321 2047 omne
1367 1999 1628 2048 nemus
1647 2003 1668 2064 ;
1726 2000 2138 2074 vocemque
2176 1977 2466 2050 inclusa
2499 1977 2845 2051 volutant

675 2107 1001 2201 Littora3
1059 2112 1332 2209 pulsati
1369 2113 1595 2186 colles
1631 2115 1957 2188 clamore
1992 2115 2384 2188 resultant.

669 2247 962 2348 Effugit
998 2261 1174 2323 ante
1211 2251 1410 2342 alios,
1457 2251 1859 2349 primisque
1895 2251 2221 2326 elabitur
2255 2250 2475 2325 undis

572 2443 580 2449 .
667 2385 998 2460 Turbam
1033 2387 1233 2462 inter
1262 2385 1793 2486 fremitumque
1819 2388 2065 2487 Gyas:
2107 2414 2329 2487 quem
2358 2386 2633 2463 deinde
2666 2388 2836 2462 Clo-

815 2525 1090 2598 anthus

671 2659 1193 2760 Consequitur,
1239 2664 1502 2738 melior
1533 2665 1792 2755 remis3
1850 2665 1979 2738 sed
2017 2665 2345 2764 pondere
2383 2665 2600 2764 pinus

664 2797 912 2872 Tarda
947 2812 1179 2874 tenet.
1290 2799 1467 2875 Post
1503 2802 1634 2876 hos
1670 2827 1877 2900 aequo
1913 2801 2345 2877 discrimine
2381 2803 2635 2877 Pristis

667 2936 1238 3035 Centaurusque
1271 2941 1521 3014 locum
1555 2940 1885 3014 tendunt
1920 2966 2268 3040 superare
2302 2939 2644 3040 priorem.

661 3073 764 3148 Et
797 3100 1006 3149 nunc
1040 3073 1296 3150 Pristis
1332 3076 1596 3168 habet3
1641 3103 1848 3151 nunc
1885 3079 2165 3152 victam
2200 3078 2526 3178 praeterit
2562 3077 2831 3178 ingens

664 3212 1128 3304 Centaurus;
1187 3240 1396 3288 nunc
1431 3241 1587 3288 una
1622 3216 1856 3290 ambae
1877 3215 2315 3314 junctisque
2348 3215 2702 3290 feruntur

660 3350 1080 3443 Frontibus,
1127 3365 1204 3426 et
1239 3353 1468 3452 longa
1497 3353 1794 3428 sulcant
1828 3353 2023 3428 vada
2056 3355 2248 3426 salsa
2282 3353 2560 3428 carina.

657 3488 976 3587 Jamque
1003 3491 1609 3588 propinquabant
1635 3493 1962 3591 scopulo,
1991 3503 2415 3590 metamque
2444 3491 2831 3595 tenebant,

661 3627 918 3712 Quum
954 3628 1298 3727 princeps
1333 3627 1730 3725 medioque
1766 3629 1977 3728 Gyas
2014 3628 2088 3701 in
2126 3629 2429 3728 gurgite
2464 3628 2708 3702 victor

659 3766 1057 3840 Rectorem
1093 3766 1302 3840 navis
1339 3767 1738 3867 compellat
1772 3791 1959 3840 voce
1996 3765 2423 3840 Menoeten:

658 3903 835 3988 Quo
869 3915 1166 3978 tantum
1202 3903 1386 3977 mihi
1420 3905 1692 3979 dexter
1725 3903 1927 3978 abis?
1978 3905 2129 3979 huc
2166 3903 2407 4004 dirige
2441 3929 2775 4004 gressum
2794 3933 2816 3996 ;

535 4071 546 4082 ·
659 4040 904 4116 Littus
939 4067 1126 4135 ama,
1172 4054 1250 4117 et
1283 4042 1498 4117 laevas
1533 4043 1856 4142 stringat
1889 4043 2053 4117 sine
2088 4043 2416 4142 palmula
2451 4057 2745 4118 cautes:

654 4179 915 4254 Altum
951 4181 1078 4253 alii
1111 4193 1444 4255 teneant.
1556 4181 1816 4271 Dixit;
1875 4180 2007 4254 sed
2044 4205 2241 4254 caeca
2277 4179 2646 4255 Menoetes

597 4367 600 4369 Α
655 4317 848 4391 Saxa
881 4319 1153 4392 timens
1187 4337 1481 4418 proram
1517 4319 1766 4418 pelagi
1801 4319 2198 4417 detorquet
2233 4319 2327 4392 ad
2368 4318 2625 4394 undas.

655 4456 830 4541 Quo
866 4455 1196 4531 diversus
1235 4456 1436 4530 abis?
1490 4458 1781 4549 iterum,
1832 4457 2014 4531 Pete
2051 4481 2252 4549 saxa,
2303 4457 2658 4548 Menoete,

655 4593 848 4670 Cum
889 4595 1211 4670 clamore
1248 4595 1454 4694 Gyas
1489 4594 1911 4671 revocabat.
2007 4596 2106 4670 Et
2141 4619 2319 4671 ecce
2358 4594 2813 4668 Cloanthum
