3792 6234
658 1039 730 1088 v.
778 1021 934 1087 100.
1393 1007 1785 1086 LIBER
1886 1011 2107 1086 VIII.
2706 1025 2844 1100 109

660 1211 895 1288 Ocius
932 1209 1341 1284 advertunt
1374 1233 1648 1310 proras,
1696 1210 2014 1311 urbique
2049 1213 2578 1312 propinquant.

813 1351 1033 1425 Forte
1068 1348 1193 1423 die
1226 1350 1635 1425 solemnem
1672 1350 1801 1424 illo
1834 1376 1976 1426 rex
2009 1351 2246 1425 Arcas
2280 1352 2644 1426 honorem

661 1481 1357 1588 Amphitryoniadae
1390 1513 1673 1590 magno
1708 1489 2049 1588 divisque
2081 1488 2376 1566 ferebat

662 1629 866 1703 Ante
902 1627 1165 1703 urbem
1204 1627 1283 1701 in
1320 1627 1511 1702 luco,
1624 1627 1865 1704 Pallas
1901 1629 2080 1702 huic
2113 1627 2310 1704 filius
2351 1654 2526 1721 una,

659 1767 843 1842 Una
873 1792 1133 1844 omnes
1152 1766 1525 1867 juvenum
1560 1766 1802 1866 primi,
1846 1791 2280 1866 pauperque
2312 1779 2641 1860 senatus,

657 1905 861 1980 Tura
894 1905 1199 1998 dabant,
1244 1905 1689 2005 tepidusque
1728 1928 1952 1978 cruor
1983 1905 2325 1980 ffimabat
2359 1905 2456 1980 ad
2491 1931 2678 1981 aras.

661 2043 773 2119 Ut
807 2045 1041 2118 celsas
1075 2044 1332 2118 videre
1368 2023 1586 2138 rates,
1635 2057 1861 2143 atque
1895 2044 2098 2118 inter
2131 2069 2452 2145 opacum

662 2182 913 2256 Allabi
946 2207 1233 2276 nemm,
1281 2193 1361 2256 et
1394 2181 1643 2256 tacitis
1680 2183 2120 2258 incumbere
2157 2183 2420 2276 remis;

662 2322 1079 2396 Terrentur
1110 2321 1272 2396 visu
1311 2321 1580 2414 subit0,
1631 2322 2044 2420 cunctique
2078 2322 2360 2397 relictis

666 2461 1162 2561 Consurgunt
1192 2461 1488 2535 mensis,
1600 2451 1879 2536 Audax
1915 2486 2097 2560 quos
2129 2485 2480 2562 rumpere
2514 2462 2758 2538 Pallas

662 2599 889 2675 Sacra
920 2610 1152 2692 vetat,
1204 2613 1566 2699 raptoque
1602 2600 1809 2675 volat
1842 2601 2000 2674 telo
2033 2601 2297 2676 obvius
2333 2600 2530 2701 ipse3
2645 2679 2648 2682 ,

663 2739 766 2814 Et
798 2740 1061 2840 procul
1098 2764 1141 2813 e
1176 2741 1507 2814 tumulo:
1562 2740 1609 2814 J
1618 2765 1918 2832 uvenes‚
1967 2765 2130 2838 quae
2165 2765 2400 2851 causa·
2425 2739 2731 2841 subegit

664 2877 979 2978 Ignotas
1016 2890 1313 2954 tentare
1347 2878 1551 2952 vias?
1604 2904 1752 2977 quo
1788 2877 2148 2953 tenditis?
2203 2878 2470 2978 inquit.

667 3016 825 3102 Qui
846 3017 1135 3116 genus?
1174 3016 1376 3091 unde
1400 3017 1671 3091 domo?
1698 3041 2064 3117 pacemne
2088 3018 2240 3092 huc
2261 3017 2495 3112 fertiS,
2523 3043 2620 3093 an
2647 3018 2898 3093 arma?

665 3154 859 3230 Tum
894 3169 1112 3256 pater
1143 3156 1414 3232 AEneas
1450 3158 1679 3257 puppi
1716 3159 1823 3231 sic
1858 3155 2065 3232 fatur
2099 3158 2194 3232 ab
2231 3159 2406 3250 alta,
2715 3145 2722 3152 ’

668 3293 1171 3392 Paciferaeque
1206 3319 1440 3369 manu
1474 3319 1767 3369 ramum
1802 3297 2206 3395 praetendit
2240 3297 2488 3372 olivae:

664 3433 732 3506 T
733 3431 1131 3532 rojugenas
1169 3457 1257 3506 ac
1290 3435 1447 3507 tela
1482 3432 1690 3509 vides
1729 3433 2040 3509 inimica
2077 3435 2388 3527 Latinis,

669 3571 880 3657 Quos
918 3572 1026 3646 illi
1062 3572 1259 3646 bello
1293 3572 1649 3673 profugos
1686 3597 1911 3673 egere
1946 3573 2287 3673 superbo,

666 3709 1104 3785 Evandrum
1138 3711 1500 3810 petimus:
1556 3710 1751 3786 ferte
1786 3714 1966 3805 haec,
2017 3727 2096 3786 et
2128 3712 2362 3787 dicite
2397 3712 2632 3787 lectos

668 3849 1075 3924 Dardaniae
1108 3851 1400 3926 venisse
1436 3849 1688 3944 duces,
1738 3851 1942 3925 socia
1977 3875 2183 3926 arma
2217 3863 2593 3950 rogantes.

670 3989 1084 4090 Obstupuit
1115 4003 1333 4065 tanto
1368 4015 1759 4090 percussus
1794 3991 2104 4066 nomine
2141 3991 2420 4067 Pallas:

668 4128 1075 4228 Egredere,
1122 4153 1169 4203 o
1202 4130 1655 4230 quicumque
1692 4155 1788 4224 e3‚
1835 4132 1964 4224 ait,
2013 4155 2413 4231 coramque
2450 4145 2842 4231 parentem

668 4268 1095 4367 Alloquere,
1143 4293 1231 4342 ac
1266 4271 1539 4344 nostris
1576 4271 1900 4345 succede
1936 4271 2345 4346 Penatibus
2383 4273 2667 4370 hospes.

672 4407 1142 4507 Excepitque
1179 4431 1433 4501 manu,
1482 4407 1978 4508 dextramque
2015 4413 2405 4511 amplexus
2443 4411 2752 4486 inhaesit.

672 4545 1053 4647 Progressi
1088 4547 1416 4623 subeunt
1450 4549 1645 4641 lum,
1694 4550 2151 4648 fluviumque
2187 4550 2643 4647 relinquunt.

822 4685 1017 4760 Tum
1052 4711 1309 4787 regem
1346 4687 1619 4762 AEneas
1654 4687 1877 4762 dictis
1915 4685 2192 4762 affatur
2227 4686 2523 4761 amicis:
