3792 6234
704 995 771 1042 v.
816 959 979 1044 8222
1362 927 1371 934 ¹
1472 969 1535 1042 L
1558 970 1595 1044 1
1620 970 1681 1042 Β
1704 968 1768 1042 Ε
1793 971 1862 1043 R
1961 968 2105 1043 XI.
2736 981 2878 1046 235

701 1169 1117 1259 HactenuS‚
1165 1167 1377 1240 Acca
1410 1192 1633 1258 soror,
1683 1168 1932 1266 potui:
1975 1193 2185 1241 nunc
2215 1168 2488 1242 vulnus
2527 1167 2881 1243 acerbum

702 1305 1051 1398 Conficit,
1099 1317 1177 1380 et
1213 1304 1542 1380 tenebris
1579 1307 2023 1406 nigrescunt
2061 1307 2315 1380 omnia
2349 1307 2656 1381 circum.

695 1443 991 1542 Effuge,
1043 1457 1119 1517 et
1152 1444 1309 1517 haec
1340 1443 1601 1518 Turno
1634 1445 1995 1517 mandata
2029 1444 2432 1518 novissima
2464 1445 2749 1544 perfer:

696 1581 1067 1656 Succedat
1102 1607 1395 1681 pugnae,
1435 1579 1946 1680 Trojanosque
1985 1594 2239 1657 arceat
2274 1583 2480 1656 urbe.

690 1721 1014 1819 Jamque
1054 1721 1238 1794 vale.
1335 1719 1567 1793 Simul
1605 1721 1719 1793 his
1755 1719 1976 1793 dictis
2012 1721 2402 1818 linquebat
2435 1700 2786 1814 habenaS,

692 1858 814 1933 Ad
852 1870 1129 1933 terram
1164 1881 1317 1932 non
1356 1869 1623 1956 sponte
1658 1859 1926 1931 fluens:
2009 1859 2204 1931 Tum
2238 1857 2518 1958 frigida
2549 1871 2716 1932 toto

694 1997 1066 2072 Paulatim
1106 1997 1427 2071 exsolvit
1462 2021 1540 2070 se
1578 2021 1910 2095 corpore,
1957 1998 2313 2095 lentaque
2350 1998 2544 2071 colla

690 2135 791 2211 Et
826 2149 1131 2237 captum
1168 2137 1323 2209 leto
1359 2135 1609 2234 posuit
1646 2147 1894 2233 caput,
1945 2160 2151 2208 arma
2187 2136 2654 2232 relinquens3

691 2275 1019 2373 Vitaque
1056 2301 1227 2348 cum
1267 2275 1557 2374 gemitu
1591 2273 1795 2372 fugit
1829 2272 2233 2373 indignata
2274 2274 2410 2347 sub
2445 2274 2768 2349 umbras.

687 2415 883 2491 Tum
921 2439 1097 2489 vero
1135 2414 1541 2488 immensus
1577 2410 2107 2512 surgensferit
2141 2437 2370 2485 aurea
2405 2415 2690 2486 clamor

689 2552 982 2626 Sidera:
1042 2551 1339 2650 dejecta
1376 2552 1753 2627 crudeseit
1783 2575 2049 2650 'pugna
2085 2551 2424 2625 Camilla.

692 2689 1107 2764 Incurrunt
1142 2691 1357 2764 densi
1392 2690 1612 2764 simul
1650 2690 1890 2764 omnis
1930 2690 2144 2788 copia
2169 2691 2570 2784 Teucrum,

686 2830 1209 2928 Tyrrhenique
1246 2829 1497 2921 duceS,
1548 2829 2030 2926 Evandrique
2066 2829 2400 2903 Arcades
2438 2831 2590 2903 alae.

835 2969 943 3042 At
969 2967 1239 3042 Triviae
1276 2979 1525 3041 custos
1548 2965 1710 3064 jam
1746 2966 2032 3041 dudum
2072 2967 2151 3041 in
2187 2967 2570 3041 montibus
2597 2967 2780 3067 Opis

686 3108 866 3182 Alta
900 3108 1112 3182 sedet
1146 3106 1473 3197 summiS,
1522 3118 1963 3205 spectatque
2002 3105 2347 3179 interrita
2381 3133 2697 3205 pugnas,

684 3247 940 3345 thue
977 3248 1240 3345 procul
1274 3246 1524 3319 medio
1546 3244 1920 3344 juvenum
1958 3244 2036 3317 in
2076 3245 2400 3318 clamore
2434 3243 2822 3319 furentum

682 3386 1078 3484 Prospexit
1112 3385 1306 3459 tristi
1342 3385 1741 3466 multatam
1776 3397 2019 3457 morte
2052 3382 2448 3456 Camillam
2467 3411 2486 3473 ;

685 3523 1243 3624 Ingemuitque,
1293 3523 1650 3621 deditque
1689 3523 1820 3596 has
1859 3521 2011 3596 imo
2047 3533 2353 3620 pectore
2389 3546 2648 3597 voces:

686 3661 898 3735 Heu!
958 3662 1298 3755 nimium,
1345 3663 1584 3762 virgo,
1631 3661 1947 3735 nimium
1985 3661 2288 3734 crudele
2323 3659 2529 3735 luisti

684 3800 1165 3898 Supplicium,
1206 3801 1536 3874 Teucros
1574 3813 1849 3873 conata
1883 3800 2248 3875 lacessere
2283 3799 2520 3874 bello!

686 3938 859 4011 Nec
898 3939 1036 4012 tibi
1070 3939 1381 4014 desertae
1418 3940 1496 4013 in
1533 3939 1779 4013 dumis
1818 3939 2132 4013 coluisse
2170 3939 2500 4012 Dianam

681 4075 995 4168 Profuit,
1046 4089 1177 4151 aut
1218 4090 1509 4152 nostras
1547 4080 1861 4152 humero
1896 4079 2206 4176 gessisse
2241 4079 2648 4176 pharetras

683 4216 865 4289 Non
905 4228 1162 4289 tamen
1201 4216 1633 4291 indecorem
1668 4231 1802 4290 tua
1838 4230 1916 4290 te
1955 4216 2220 4314 regina
2255 4215 2558 4314 reliquit

680 4354 1043 4427 Extrema
1056 4353 1219 4453 jam
1250 4355 1327 4428 in
1358 4367 1636 4428 morte:
1680 4379 1928 4452 neque
1959 4355 2102 4427 hoc
2131 4354 2292 4426 sine
2320 4353 2628 4426 nomine
2657 4353 2892 4426 letum

681 4493 827 4566 Per
859 4505 1126 4591 gentes
1165 4492 1327 4585 erit,
1376 4504 1507 4566 aut
1541 4491 1821 4565 famam
1858 4492 2163 4590 patieris
2202 4491 2477 4564 inultoe.
2708 4465 2721 4475 ’

684 4632 889 4705 Nam
926 4631 1395 4730 quicumque·
1414 4643 1631 4704 tuum
1666 4629 1977 4703 violavit
2007 4631 2320 4704 vulnere
2369 4652 2656 4726 corpuS,
