3792 6234
848 973 940 1044 84
1703 967 2139 1044 AENEIS.
2252 975 2257 982 ’
2726 993 2795 1042 v,
2837 977 3001 1042 282.

843 1165 1231 1264 Supposita
1267 1166 1362 1240 de
1397 1178 1635 1241 matre
1670 1169 1941 1242 nothos
1976 1165 2227 1241 furata
2263 1160 2597 1241 creavit(

839 1303 1144 1377 Talibus
1176 1303 1527 1379 AEneadae
1561 1304 1776 1379 donis
1813 1305 2183 1404 dictisque
2222 1302 2473 1380 Latini

840 1441 1202 1516 Sublimes
1240 1443 1316 1516 in
1355 1443 1560 1540 equis
1596 1443 1939 1536 redeunt,
1985 1469 2395 1544 pacemque
2430 1455 2837 1542 reportant.

985 1579 1186 1655 Ecce
1221 1593 1474 1656 autem
1513 1581 1839 1656 Inachiis
1875 1607 2035 1656 sese
2071 1581 2443 1656 referebat
2478 1580 2571 1655 ab
2606 1582 2831 1682 Argis

838 1720 1039 1793 Saeva
1069 1719 1116 1793 J
1122 1721 1278 1794 ovis
1316 1718 1618 1818 conjux,
1667 1744 2029 1817 aurasque
2066 1721 2371 1795 invecta
2403 1721 2755 1812 tenebat3

836 1857 936 1932 Et
966 1858 1217 1932 laetum
1247 1860 1539 1932 AEnean
1577 1859 2035 1955 classemque
2072 1883 2168 1932 ex
2205 1859 2479 1932 aethere
2514 1859 2747 1958 longo

836 1996 1301 2071 Dardaniam
1338 1996 1586 2071 Siculo
1619 1996 2003 2095 prospexit
2039 1995 2133 2069 ab
2169 2020 2401 2093 usque
2438 1996 2819 2093 Pachyno,

837 2136 1092 2210 Moliri
1117 2135 1276 2234 jam
1314 2147 1520 2212 tecta
1551 2135 1779 2226 videt,
1831 2135 1992 2234 jam
2029 2135 2259 2208 fidere
2294 2148 2531 2225 terrae,

835 2276 1268 2350 Deseruisse
1303 2286 1536 2349 rates:
1595 2274 1805 2348 stetit
1840 2273 1995 2347 acri
2030 2275 2185 2346 fixa
2216 2273 2492 2346 dolore.

830 2412 1046 2505 Tum,
1094 2435 1447 2510 quassans
1486 2423 1733 2510 caput,
1781 2413 1941 2486 haec
1976 2410 2301 2484 effundit
2334 2421 2637 2508 pectore
2672 2408 2915 2482 dicta:

836 2552 1009 2624 Heu
1045 2551 1352 2650 stirpem
1388 2550 1740 2624 invisam!
1797 2562 1877 2624 et
1912 2549 2086 2624 fatis
2124 2549 2503 2624 contraria
2536 2547 2809 2624 nostris

834 2689 1018 2762 Fata
1052 2688 1476 2788 Phrygum!
1533 2713 1716 2762 num
1751 2688 1987 2788 Sigeis
2023 2689 2469 2762 occumbere
2508 2687 2809 2785 campiS‚

833 2827 1045 2902 Num
1082 2826 1280 2925 capti
1318 2839 1628 2925 potuere
1664 2827 1878 2926 capi?
1930 2852 2112 2900 num
2150 2827 2459 2901 inc-ensa
2493 2823 2853 2899 cremavit

830 2963 1056 3063 Troja
1086 2964 1326 3038 viros?
1377 2964 1659 3038 medias
1697 2965 1894 3038 acies
1929 2963 2363 3062 mediosque
2397 2989 2531 3062 per
2565 2964 2781 3062 ignes

832 3100 1206 3175 Invenere
1237 3102 1457 3176 viam.
1555 3104 1681 3194 At,
1732 3103 1979 3196 credo,
2024 3127 2195 3176 mea
2226 3102 2541 3176 numina
2574 3100 2881 3175 tandem

832 3239 1050 3313 Fessa
1071 3238 1357 3338 jacent,
1403 3240 1594 3315 odiis
1627 3253 1759 3315 aut
1793 3252 2226 3315 exsaturata
2258 3240 2527 3338 quievi.

831 3378 1041 3463 Quin
1079 3378 1306 3452 etiam
1343 3379 1588 3477 patria
1621 3402 1973 3452 excussos
2010 3376 2285 3452 infesta
2316 3402 2450 3476 per
2482 3376 2721 3450 undas

828 3517 1036 3588 Ausa
1067 3516 1297 3614 sequi,
1343 3528 1423 3589 et
1453 3513 1790 3614 profugis
1823 3526 1989 3588 toto
2022 3540 2142 3588 me
2180 3538 2553 3614 opponere
2587 3525 2843 3612 ponte.

827 3653 1260 3751 Absumptae
1295 3653 1372 3726 in
1401 3653 1731 3726 Teucros
1765 3651 1960 3727 vires
1996 3652 2309 3749 coelique
2344 3651 2733 3750 marisque.

831 3790 1038 3875 Quid
1075 3791 1343 3889 SyrteS,
1395 3804 1525 3864 aut
1559 3791 1804 3889 Scylla
1839 3789 2043 3882 mihi,
2091 3789 2270 3888 quid
2304 3802 2518 3864 vasta
2548 3789 2967 3886 Charybdis

830 3926 1164 4001 Profuit?
1217 3939 1475 4025 optato
1512 3929 1947 4003 conduntur
1978 3927 2377 4026 Thybridis
2414 3928 2645 4019 alve0‚

829 4065 1080 4138 Securi
1116 4064 1386 4163 pelagi,
1435 4078 1662 4164 atque
1697 4068 1864 4140 mei.
1980 4067 2187 4140 Mars
2222 4065 2533 4163 perdere
2568 4075 2877 4163 gentem

828 4202 1248 4276 Immanem
1287 4201 1684 4302 Lapithstm
1721 4205 1994 4278 valuit:
2054 4203 2424 4276 concessit
2460 4202 2539 4276 in
2575 4203 2719 4274 iras

828 4339 998 4438 Ipse
1034 4339 1258 4414 defim
1295 4340 1680 4438 antiquam
1715 4341 2018 4440 genitor
2048 4340 2443 4439 Calydona
2476 4339 2761 4424 Dianae.

828 4476 1054 4563 Quod
1089 4479 1332 4552 scelus
1369 4491 1498 4552 aut
1527 4477 1880 4577 Lapithas
1917 4491 2239 4570 tantum,
2274 4491 2405 4552 aut
2431 4477 2823 4576 Calydona
2857 4502 3013 4553 me-

975 4617 1314 4689 rentem?
