3792 6234
963 981 1060 1051 52
1823 969 1917 1043 AE
1940 968 2019 1050 N
2043 966 2109 1043 E
2134 968 2261 1042 IS.
2852 990 2921 1041 v.
2963 975 3125 1043 383.

1109 1168 1314 1267 Ergo
1348 1167 1494 1243 iter
1537 1166 1924 1265 inceptum
1968 1178 2365 1266 peragunt,
2413 1164 2791 1263 fluvioque
2834 1165 3137 1265 propin-

1257 1316 1516 1405 quant.

965 1445 1250 1521 Navita
1281 1468 1464 1543 quos
1486 1442 1648 1542 jam
1685 1443 1861 1517 inde
1895 1455 1984 1518 ut
2018 1442 2281 1542 Stygia
2313 1442 2697 1542 prospexit
2732 1442 2827 1517 ab
2860 1442 3069 1517 unda

960 1583 1106 1659 Per
1136 1583 1458 1659 tacitum
1489 1608 1756 1657 nemus
1793 1581 1923 1674 ire,
1969 1582 2387 1681 pedemque
2423 1582 2815 1657 advertere
2850 1581 3048 1680 ripae,

963 1722 1082 1797 Sic
1115 1722 1318 1821 prior
1349 1721 1792 1822 aggreditur
1824 1720 2069 1812 dictis,
2118 1730 2346 1819 atque
2380 1721 2723 1819 increpat
2758 1722 2995 1794 ultro:

962 1861 1318 1960 Quisquis
1353 1886 1452 1953 es,
1501 1872 1830 1935 armatus
1866 1860 1994 1957 qui
2030 1872 2289 1935 nostra
2323 1858 2419 1934 ad
2454 1859 2767 1935 flumina
2802 1858 3071 1951 tendis,

958 1998 1144 2075 Fare
1185 2024 1328 2099 age
1361 1998 1541 2099 quid
1575 1998 1872 2090 venias3
1912 1997 2076 2098 jam
2112 1998 2337 2073 istinc
2374 2010 2451 2072 et
2488 2000 2895 2097 comprime
2930 2022 3135 2099 gres·

1109 2164 1315 2213 sum:

960 2275 1417 2352 Umbrarum
1453 2277 1578 2351 hic
1616 2278 1824 2351 locus
1861 2287 1997 2368 est,
2043 2276 2307 2368 somni,
2354 2276 2750 2375 noctisque
2785 2300 3101 2376 soporae:

963 2412 1299 2513 Corpora
1329 2414 1504 2489 viva
1537 2413 1750 2487 nefas
1784 2414 2047 2513 Stygia
2081 2426 2385 2489 vectare
2422 2414 2705 2489 carina.

962 2551 1136 2626 Nec
1169 2576 1349 2625 vero
1383 2552 1706 2627 Alciden
1742 2577 1864 2626 me
1907 2578 2073 2627 sum
2108 2554 2401 2627 laetatus
2437 2568 2749 2627 euntem

959 2690 1362 2789 Accepisse
1396 2692 1588 2782 lacu,
1635 2716 1780 2765 nec
1813 2692 2127 2784 Thesea,
2175 2692 2765 2791 Pirithoumque,
2899 2694 2904 2698 ’

962 2827 1102 2902 Dis
1135 2854 1588 2927 quamquam
1624 2828 1866 2928 geniti
1904 2842 2131 2929 atque
2167 2830 2434 2904 invicti
2466 2830 2751 2905 viribus
2788 2841 3059 2906 essent.

958 2966 1404 3043 Tartareum
1441 2968 1564 3043 ille
1597 2993 1831 3042 manu
1869 2969 2259 3045 custodem
2296 2970 2375 3043 in
2409 2968 2665 3044 vincla
2696 2969 2968 3069 petivit

961 3104 1204 3204 Ipsius
1247 3130 1294 3179 a
1327 3106 1512 3179 solio
1546 3108 1764 3207 regiS,
1811 3107 2196 3205 traxitque
2235 3120 2683 3183 trementem
2710 3136 2757 3181 :-

963 3243 1068 3317 Hi
1103 3244 1485 3319 dominam
1521 3245 1724 3319 Ditis
1757 3246 2094 3319 thalamo
2128 3244 2505 3321 deducere
2540 3246 2807 3320 adorti.

962 3381 1152 3466 Quae
1187 3395 1456 3456 contra
1490 3383 1820 3458 breviter
1853 3383 2013 3457 fata
2049 3396 2163 3458 est
2194 3384 2650 3484 Amphrysia
2682 3396 2929 3485 vates:

964 3519 1216 3595 Nullae
1248 3522 1370 3595 hic
1406 3521 1692 3595 insidiae
1723 3523 1951 3613 tales;
2011 3520 2283 3596 absiste
2320 3523 2604 3597 moveri
2622 3552 2643 3615 3

963 3657 1134 3732 Nec
1173 3658 1325 3732 vim
1362 3661 1514 3733 tela
1545 3656 1838 3733 ferunt:
1896 3659 2077 3734 licet
2112 3660 2381 3760 ingens
2402 3660 2695 3759 janitor
2728 3674 2949 3737 antro

959 3797 1356 3872 AEternum
1390 3799 1670 3873 latrans
1708 3823 2129 3899 exsangues
2166 3813 2445 3877 terreat
2480 3801 2819 3894 umbras3

965 3934 1196 4009 Casta
1231 3936 1410 4011 licet
1444 3938 1692 4036 patrui
1729 3952 1977 4013 servet
2014 3939 2457 4039 Proserpina
2491 3940 2745 4015 limen.

960 4072 1225 4147 Troius
1260 4076 1554 4167 AEneas,
1601 4076 1882 4175 pietate
1920 4075 2235 4177 insignis
2270 4092 2349 4153 et
2383 4078 2627 4172 armiS,

962 4211 1085 4286 Ad
1118 4212 1542 4313 genitorem
1579 4216 1764 4290 imas
1799 4216 2027 4291 Erebi
2062 4216 2459 4293 descendit
2497 4218 2593 4291 ad
2630 4217 2950 4293 umbras.

962 4350 1038 4424 Si
1072 4361 1149 4424 te
1185 4352 1398 4427 nulla
1429 4367 1685 4429 movet
1717 4365 1951 4429 tantae
1984 4356 2283 4454 pietatis
2320 4356 2591 4457 imag-0,

962 4488 1068 4561 At
1103 4513 1396 4565 ramum
1433 4493 1639 4567 hunc
1681 4493 1962 4591 (aperit
1995 4519 2287 4569 ramum
2324 4496 2451 4593 qui
2487 4505 2695 4569 veste
2728 4494 3053 4594 latebat)

961 4630 1373 4727 Agnosces.
1471 4630 1798 4707 Tumida
1831 4658 1929 4707 ex
1966 4632 2079 4707 ira
2110 4645 2273 4711 tum
2310 4634 2541 4709 corda
2573 4634 2935 4709 residunt.
