3792 6234
894 979 1029 1058 108
1476 1039 1485 1050 .
1741 981 2184 1058 AENssls.
2752 955 2762 963 “
2824 1007 2896 1056 v.
2933 987 3054 1063 74.

884 1183 1122 1257 Fonte
1157 1193 1392 1273 tenet,
1439 1203 1914 1280 quocumque
1947 1181 2106 1255 solo
2139 1180 2686 1279 pulcherrimus
2721 1181 2905 1275 exis,

882 1322 1186 1419 Semper
1217 1321 1502 1394 honore
1536 1343 1725 1414 mec,
1774 1343 2070 1419 semper
2103 1319 2578 1394 celebrabere
2615 1318 2856 1413 donis,

883 1458 1257 1560 Corniger
1291 1457 1793 1558 Hesperidum
1828 1458 2102 1534 fluvius
2137 1455 2497 1559 regnator
2527 1483 2914 1557 aquarum.

880 1598 1099 1672 Adsis
1136 1623 1183 1671 o
1220 1611 1543 1690 tantum,
1596 1611 1675 1672 et
1709 1596 2010 1697 propius
2045 1610 2179 1671 tua
2211 1597 2528 1672 numina
2559 1599 2830 1672 firmes.

1027 1736 1146 1810 Sic
1179 1750 1562 1831 memorat,
1604 1737 2095 1837 geminasque
2121 1736 2310 1836 legit
2335 1737 2429 1811 de
2461 1737 2694 1810 classe
2725 1736 3068 1830 biremes,

880 1875 1375 1976 Remigioque
1408 1881 1657 1975 aptat;
1716 1877 1956 1951 socios
1991 1876 2212 1950 simul
2249 1875 2552 1950 instruit
2587 1877 2834 1950 armis,

879 2014 1083 2089 Ecce
1114 2028 1389 2108 autem,
1422 2015 1755 2090 subitum
1782 2029 2009 2113 atque
2030 2015 2266 2090 oculis
2289 2013 2630 2088 mirabile
2659 2025 3100 2106 monstrum,

883 2153 1233 2227 Candida
1264 2179 1399 2253 per
1434 2154 1719 2253 sylvam
1758 2179 1931 2228 cum
1967 2152 2132 2227 fetu
2171 2154 2528 2229 concolor
2561 2153 2732 2228 albo

880 2291 1313 2383 Procubuit,
1358 2293 1729 2392 viridique
1766 2294 1845 2367 in
1880 2292 2137 2366 littore
2176 2293 2656 2391 conspicitur,
2703 2315 2863 2365 sus:

882 2430 1133 2516 Quam
1170 2431 1334 2529 pius
1368 2431 1641 2505 AEneas
1675 2431 1815 2504 tibi
1852 2433 2078 2522 enim,
2125 2430 2284 2522 tibi,
2331 2430 2668 2505 maxima
2697 2429 2748 2504 J
2754 2453 2930 2521 uno,

881 2569 1202 2662 Mactat,
1250 2594 1465 2644 sacra
1495 2568 1765 2662 serem,
1814 2582 1893 2644 et
1931 2595 2104 2644 cum
2138 2593 2372 2670 grege
2408 2567 2604 2644 sistit
2638 2569 2734 2643 ad
2771 2593 2999 2642 aram.

879 2707 1201 2806 Thybris
1230 2733 1319 2782 ea
1344 2709 1675 2800 fluvium,
1710 2733 1937 2806 quam
1965 2709 2197 2808 longa
2231 2725 2362 2800 est,
2398 2719 2626 2782 nocte
2655 2709 3078 2782 tumentem

885 2845 1157 2938 Leniit‚
1204 2861 1283 2920 et
1316 2847 1553 2921 tacita
1586 2849 1909 2922 refluens
1945 2847 2052 2921 ita
2084 2846 2416 2922 substitit
2451 2846 2678 2939 unda,

884 2985 1099 3058 Mitis
1134 2999 1223 3058 ut
1258 2984 1336 3060 in
1372 3010 1656 3060 morem
1690 2987 1943 3092 stagni
1977 2986 2436 3086 placidaeque
2471 2986 2762 3085 paludis

884 3124 1267 3198 Sterneret
1302 3149 1550 3223 aequor
1584 3124 1812 3224 aquis,
1860 3149 2067 3200 remo
2102 3139 2190 3200 ut
2223 3126 2606 3200 luctamen
2645 3125 2954 3200 abesset.

882 3261 1086 3362 Ergo
1122 3263 1267 3337 iter
1302 3263 1689 3363 inceptum
1726 3265 2100 3355 celerant3
2160 3289 2460 3338 rumore
2493 3265 2832 3340 secundo

885 3399 1201 3474 Labitur
1232 3416 1471 3476 uncta
1502 3402 1713 3478 vadis
1750 3403 1990 3478 abiet:
2049 3405 2422 3477 mirantur
2455 3414 2534 3478 et
2569 3404 2810 3496 undae,

886 3538 1215 3613 Miratur
1250 3565 1514 3614 nemus
1550 3542 1954 3634 insuetum,
2000 3540 2378 3641 fulgentia
2411 3543 2642 3642 longe

885 3675 1112 3750 Scuta
1146 3677 1387 3752 virum
1424 3679 1671 3770 fluvio,
1718 3679 2106 3778 pictasque
2143 3678 2408 3754 innare
2443 3680 2758 3754 carinas.

885 3815 1036 3889 Olli
1072 3817 1387 3916 remigio
1422 3831 1877 3916 noctemque
1915 3818 2263 3916 diemque
2303 3816 2656 3918 fatigant,

885 3954 985 4027 Et
1020 3955 1283 4055 longos
1320 3968 1677 4056 superant
1712 3959 1972 4050 flexus,
2020 3957 2388 4056 variisque
2426 3969 2797 4057 teguntur

883 4093 1317 4187 Arboribus,
1362 4096 1782 4194 viridesque
1818 4109 2082 4171 secant
2114 4097 2412 4206 placido
2446 4122 2738 4195 aequore
2773 4097 3037 4196 sylvas·

888 4233 1009 4307 Sol
1042 4233 1375 4308 medium
1414 4235 1579 4309 coeli
1616 4237 2165 4310 conscenderat
2201 4238 2468 4337 igneus
2503 4236 2783 4328 orbem,

887 4372 1147 4458 Quum
1181 4397 1453 4466 murm,
1504 4398 1900 4471 arcemque
1935 4375 2218 4474 procul,
2265 4399 2354 4449 ac
2393 4399 2559 4448 rara
2593 4373 2986 4448 domorum

882 4511 1121 4585 Tecta
1156 4511 1439 4606 vident,
1485 4537 1649 4611 quae
1682 4538 1892 4588 nunc
1929 4513 2272 4588 Romana
2303 4515 2648 4613 potentia
2681 4514 2868 4588 coelo

884 4649 1273 4750 AEquavit3
1332 4663 1496 4726 tum
1530 4675 1647 4726 res
1684 4653 1942 4751 inopes
1975 4652 2374 4728 Evandrus
2409 4651 2757 4728 habebat.
