3792 6234
609 978 678 1027 v.
717 958 835 1027 48.
1387 950 1775 1027 LIBER
1871 950 2008 1025 VI.
2680 958 2774 1033 39

610 1149 712 1224 Et
743 1149 950 1225 rabie
981 1148 1144 1223 fera
1177 1149 1406 1223 corda
1439 1160 1756 1240 tument,
1806 1148 2185 1247 majorque
2218 1146 2475 1238 videri,

611 1286 784 1364 Nec
819 1288 1132 1361 mortale
1167 1312 1459 1379 sonanS,
1507 1290 1755 1361 afflata
1787 1299 1901 1360 est
1936 1286 2247 1359 numine
2280 1283 2581 1383 quando

607 1423 657 1500 J
661 1449 782 1499 am
815 1425 1156 1525 propiore
1191 1426 1333 1500 dei.
1431 1425 1692 1500 Cessas
1727 1426 1807 1499 in
1841 1436 2021 1500 vota
2054 1450 2477 1524 precesque,

610 1564 814 1656 Tros,
851 1563 978 1657 ait,
1011 1564 1294 1639 AEnea?
1329 1565 1614 1640 cessas?
1647 1588 1894 1661 neque
1930 1563 2131 1637 enim
2167 1575 2345 1637 ante
2369 1562 2761 1637 dehiscent

606 1701 973 1777 Attonitae
1005 1726 1287 1803 magna
1320 1727 1452 1775 ora
1485 1702 1767 1776 domus.
1877 1701 1979 1776 Et
2013 1702 2195 1776 talia
2225 1700 2405 1791 fata,

612 1838 1023 1915 Conticuit.
1119 1840 1436 1915 Gelidus
1464 1839 1771 1916 Teucris
1805 1865 1939 1940 per
1972 1840 2160 1913 dura
2195 1838 2530 1913 cucurrit

611 1976 798 2051 Ossa
830 1989 1146 2069 tremor;
1202 1976 1606 2077 funditque
1639 2002 1895 2077 preces
1931 2002 2067 2052 rex
2101 1990 2407 2076 pectore
2450 1978 2544 2051 ab
2582 1977 2767 2051 imo:

757 2088 1053 2208 Phoebe,
1099 2141 1364 2216 graves
1391 2114 1627 2214 Trojae
1663 2140 1955 2214 semper
1986 2115 2330 2189 miserate
2366 2114 2672 2207 laboreS,

609 2251 971 2328 Dardana
1003 2253 1129 2351 qui
1166 2252 1450 2327 Paridis
1486 2253 1766 2327 direxti
1799 2255 1954 2327 tela
1986 2278 2397 2351 manusque

612 2388 900 2488 Corpus
937 2390 1014 2464 in
1049 2390 1394 2484 AEacidae,
1443 2416 1752 2492 magnas
1787 2390 2147 2465 obeuntia
2183 2402 2417 2465 terras

607 2527 756 2601 Tot
789 2528 1024 2601 maria
1057 2528 1353 2622 intravi,
1402 2528 1594 2603 duce
1631 2541 1729 2621 te,
1776 2528 2222 2628 penitusque
2259 2538 2585 2627 repostas

611 2664 1026 2765 Massylum
1061 2678 1349 2767 genteS,
1395 2680 1903 2767 praetentaque
1940 2668 2274 2766 Syrtibus
2313 2691 2525 2759 arva3

609 2802 658 2876 J
663 2828 782 2878 am
819 2804 1130 2879 tandem
1167 2804 1400 2879 Italiae
1433 2804 1794 2905 fugientis
1829 2804 2261 2904 prendimus
2296 2830 2497 2880 oras:

612 2940 781 3015 Hac
814 2940 1138 3040 Trojana
1171 2953 1392 3016 tenus
1423 2940 1654 3017 fuerit
1685 2942 1994 3016 fortuna
2026 2953 2305 3017 secuta.

610 3079 763 3153 Vos
801 3104 1093 3178 quoque
1129 3080 1552 3181 Pergameae
1575 3079 1735 3179 jam
1769 3079 1882 3154 fas
1919 3094 2032 3155 est
2064 3106 2371 3181 parcere
2405 3083 2639 3181 genti,

610 3216 861 3314 Dique
889 3218 1191 3316 deaeque
1217 3242 1476 3293 omnes
1503 3218 1770 3316 quibus
1800 3217 2090 3292 obstitit
2116 3217 2360 3311 Ilium,
2396 3233 2475 3294 et
2504 3220 2769 3321 ingens

611 3354 875 3429 Gloria
909 3354 1332 3430 Dardaniae.
1425 3356 1712 3454 Tuque,
1757 3380 1804 3428 o
1839 3356 2305 3430 sanctissima
2337 3368 2565 3449 vateS,

609 3491 922 3567 Praescia
954 3494 1275 3585 venturi,
1325 3494 1441 3585 da,
1488 3517 1646 3567 non
1690 3491 2027 3567 indebita
2058 3517 2283 3592 posco

609 3630 878 3729 Regna
909 3632 1093 3705 meis
1126 3629 1320 3722 fatis,
1351 3630 1587 3731 ‘Latio
1625 3630 2011 3705 considere
2045 3631 2393 3724 Teucros,

607 3767 1110 3867 Errantesque
1146 3769 1344 3861 deos»,
1391 3769 1824 3869 agitataque
1866 3769 2183 3843 numina
2213 3768 2469 3868 Trojae.

609 3906 802 3981 Tum
839 3906 1116 3981 Phoebo
1151 3918 1228 3981 et
1255 3906 1522 3982 Triviae
1557 3905 1792 3982 solido
1827 3905 1921 3979 de
1956 3930 2323 3980 marmore
2356 3908 2717 4005 templum

610 4044 1034 4137 Instituam,
1078 4045 1454 4144 festosque
1489 4044 1646 4119 dies
1684 4044 1778 4119 de
1813 4044 2120 4119 nomine
2158 4044 2433 4119 Phoebi.

605 4182 715 4256 Te
742 4208 1036 4282 quoque
1071 4208 1350 4284 magna
1383 4195 1699 4258 manent
1731 4182 1983 4283 regnis
2012 4182 2425 4282 penetralia
2458 4185 2765 4259 nostris:

609 4319 755 4393 Hic
795 4344 938 4421 ego
974 4346 1296 4420 namque
1333 4332 1498 4395 tuas
1534 4332 1787 4414 sorteS,
1835 4346 2255 4421 arcanaque
2289 4320 2449 4396 fata

609 4457 842 4533 Dicta
873 4484 1054 4535 meae
1087 4459 1323 4561 genti,
1366 4484 1662 4559 ponam,
1707 4461 2087 4558 lectosque
2123 4459 2449 4551 sacrabo,

606 4597 850 4691 Alma,
895 4596 1106 4673 viros·
1216 4597 1436 4674 Foliis
1473 4610 1770 4675 tantum
1805 4624 1905 4674 ne
1942 4598 2277 4673 carmina
2310 4596 2605 4691 manda,
2684 4644 2691 4651 -
