3792 6234
952 969 1093 1035 218
1810 955 2248 1033 AENEIS.
2838 982 2907 1032 v.
2949 965 3114 1032 383.

946 1159 1215 1258 Argue·
1242 1167 1347 1249 tu,
1396 1157 1726 1249 Drance,
1771 1157 2076 1255 quando
2109 1167 2227 1232 tot
2261 1155 2531 1256 stragis
2579 1179 2880 1232 acervos

947 1297 1408 1372 Teucrorum
1446 1308 1579 1371 tua
1611 1296 1883 1370 dextra
1917 1296 2150 1390 dedit,
2193 1297 2616 1396 passimque
2649 1294 2940 1396 tropaeis

950 1435 1281 1536 Insignis
1320 1461 1558 1536 agros
1672 1435 1912 1510 Possit
1945 1435 2123 1534 quid
2163 1433 2414 1510 vivida
2448 1434 2686 1510 virtus

948 1575 1357 1673 Experiare
1392 1575 1606 1649 licet:
1664 1600 1809 1649 nec
1846 1575 2074 1674 longe
2109 1574 2400 1648 scilicet
2433 1575 2682 1648 hostes

952 1713 1359 1800 Quaerendi
1394 1713 1648 1806 nobis;
1708 1715 2204 1788 circumstant
2241 1713 2574 1810 undique
2607 1737 2880 1786 muros.

953 1854 1157 1928 Imus
1194 1853 1271 1928 in
1310 1854 1699 1928 adversos?
1767 1853 1978 1938 Quid
2011 1853 2298 1928 cessas?
2351 1878 2449 1926 an
2487 1851 2626 1926 tibi
2664 1815 2969 1925 Mavors

951 1993 1287 2068 ventosa
1320 1993 1399 2068 in
1436 1993 1699 2092 lingua
1732 1991 2194 2092 pedibusque
2227 1989 2627 2092 fugacibus
2663 1991 2820 2064 istis

951 2132 1255 2231 Semper
1288 2131 1475 2205 erit?
3049 2227 3052 2230 .

952 2269 1211 2344 Pulsus
1243 2273 1421 2370 ego!
1464 2271 1622 2344 Aut
1650 2269 2039 2368 quisquam
2068 2269 2357 2362 meritO,
2395 2267 2818 2361 foedissime,
2857 2269 3148 2367 pulsum

950 2410 1265 2508 Arguet,
1315 2409 1549 2482 Iliaco
1586 2407 1958 2484 tumidum
1997 2408 2126 2506 qui
2161 2431 2496 2482 crescere
2525 2405 2890 2504 'Ibybrim

952 2547 1353 2646 Sanguine,
1402 2561 1479 2620 et
1516 2547 1844 2622 Evandri
1880 2559 2118 2620 totam
2157 2571 2332 2620 cum
2366 2544 2594 2643 stirpe
2628 2544 2918 2620 videbit

953 2684 1443 2761 Procubuisse
1478 2685 1803 2776 domum,
1854 2700 2080 2784 atque
2117 2655 2385 2758 exutos
2421 2684 2754 2759 Arcadas
2791 2682 3060 2758 armis?

953 2825 1179 2899 Haud
1218 2825 1323 2898 ita
1356 2849 1476 2898 me
1514 2826 1805 2922 experti
1844 2824 2074 2898 Bitias
2110 2835 2188 2900 et
2223 2823 2609 2898 Pandarus
2647 2823 2940 2923 ingenS,

952 2962 1051 3036 Et
1086 2987 1268 3061 quos
1310 2963 1511 3036 mille
1548 2962 1669 3037 die
1705 2962 1950 3037 victor
1985 2963 2122 3036 sub
2150 2964 2468 3037 Tartara
2503 2963 2690 3055 misi,

949 3101 1293 3174 Inclusus
1328 3102 1577 3192 muriS,
1622 3101 2021 3200 hostilique
2057 3125 2337 3201 aggere
2375 3116 2661 3199 saeptuS.

952 3239 1189 3313 Nulla
1222 3241 1416 3313 salus
1452 3240 1685 3314 bello!
1762 3239 2012 3338 Capiti
2053 3265 2240 3314 cane
2276 3240 2458 3314 talia
2492 3240 2802 3314 demens

954 3377 1362 3471 Dardanio,
1408 3380 1777 3476 rebusque
1824 3378 1993 3453 tuis,
2106 3378 2430 3453 Proinde
2465 3379 2722 3452 omnia
2755 3401 3038 3478 magno

952 3518 1078 3592 Ne
1117 3543 1325 3592 cessa
1355 3517 1659 3592 turbare
1692 3529 1925 3608 metu,
1975 3527 2200 3616 atque
2245 3519 2608 3591 extollere
2644 3517 2836 3592 vires

955 3656 1227 3730 Gentis
1261 3657 1375 3730 bis
1412 3657 1649 3748 victae,
1700 3667 1964 3730 contra
1997 3680 2337 3754 premere
2375 3681 2583 3730 arma
2621 3654 2894 3730 Latini.

954 3795 1191 3870 Nunc
1240 3810 1318 3870 et
1353 3796 1926 3896 Myrmidonum
1977 3819 2320 3894 proceres
2357 3795 2688 3895 Phrygia
2735 3819 2944 3870 arma
2987 3805 3134 3869 tre-

1100 3935 1450 4026 miscunt,

958 4073 1189 4146 Nunc
1230 4087 1307 4147 et
1340 4072 1691 4172 Tydides,
1741 4084 1819 4147 et
1856 4073 2248 4148 Larissaeus
2283 4075 2653 4150 Achilles:

954 4211 1219 4285 Amnis
1256 4225 1333 4286 et
1371 4212 1787 4286 Hadriacas
1826 4224 2027 4287 retro
2061 4211 2266 4314 fugit
2296 4213 2614 4288 Aufidus
2649 4212 2910 4288 undaS.

956 4352 1099 4438 Vel
1137 4379 1367 4450 quum
1404 4377 1480 4427 se
1514 4353 1871 4453 pavidum
1911 4366 2178 4426 contra
2211 4379 2381 4428 mea
2401 4352 2660 4454 jurgia
2691 4352 2914 4452 fingit

954 4491 1283 4566 Artificis
1318 4492 1581 4586 sceluS,
1630 4503 1707 4567 et
1740 4489 2142 4567 formidine
2181 4493 2466 4568 crimen
2505 4491 2830 4566 acerbat.

956 4629 1392 4729 Numquam
1432 4631 1759 4706 animam
1788 4633 2018 4706 talem
2049 4631 2319 4706 dextra
2345 4632 2511 4725 hac,
2555 4631 2826 4706 absiste
2855 4628 3162 4722 moveri,
