<?xml version="1.0" encoding="UTF-8"?>
<!DOCTYPE html PUBLIC "-//W3C//DTD XHTML 1.0 Transitional//EN"
    "http://www.w3.org/TR/xhtml1/DTD/xhtml1-transitional.dtd">
<html xmlns="http://www.w3.org/1999/xhtml" xml:lang="en" lang="en">
 <head>
  <title>
</title>
<meta http-equiv="Content-Type" content="text/html;charset=utf-8" />
  <meta name='ocr-system' content='tesseract 3.04.00' />
  <meta name='ocr-capabilities' content='ocr_page ocr_carea ocr_par ocr_line ocrx_word'/>
</head>
<body>
  <div class='ocr_page' id='page_1' title='image "./publiusvergiliu00virggoog_0071.png"; bbox 0 0 3792 6234; ppageno 0'>
   <div class='ocr_carea' id='block_1_1' title="bbox 983 894 3151 975">
    <p class='ocr_par' dir='ltr' id='par_1_1' title="bbox 983 894 3151 975">
     <span class='ocr_line' id='line_1_1' title="bbox 983 894 3151 975; baseline -0.002 0"><span class='ocrx_word' id='word_1_1' title='bbox 983 909 1081 975; x_wconf 82' lang='lat'><strong>58</strong></span> <span class='ocrx_word' id='word_1_2' title='bbox 1845 894 2287 975; x_wconf 83' lang='lat' dir='ltr'><strong>AENEIS.</strong></span> <span class='ocrx_word' id='word_1_3' title='bbox 2874 919 2944 969; x_wconf 78' lang='lat' dir='ltr'><strong>v·</strong></span> <span class='ocrx_word' id='word_1_4' title='bbox 2982 895 3151 970; x_wconf 81' lang='lat'><strong><em>536.</em></strong></span> 
     </span>
    </p>
   </div>
   <div class='ocr_carea' id='block_1_2' title="bbox 955 1092 3189 4659">
    <p class='ocr_par' dir='ltr' id='par_1_2' title="bbox 981 1092 3155 2581">
     <span class='ocr_line' id='line_1_2' title="bbox 982 1092 3001 1193; baseline -0.003 -21"><span class='ocrx_word' id='word_1_5' title='bbox 982 1096 1085 1172; x_wconf 89' lang='lat' dir='ltr'><strong>Et</strong></span> <span class='ocrx_word' id='word_1_6' title='bbox 1115 1094 1268 1169; x_wconf 87' lang='lat' dir='ltr'><strong>fors</strong></span> <span class='ocrx_word' id='word_1_7' title='bbox 1303 1118 1528 1169; x_wconf 89' lang='lat' dir='ltr'><strong>omne</strong></span> <span class='ocrx_word' id='word_1_8' title='bbox 1561 1094 1824 1170; x_wconf 89' lang='lat' dir='ltr'><strong>datum</strong></span> <span class='ocrx_word' id='word_1_9' title='bbox 1860 1096 2253 1169; x_wconf 84' lang='lat' dir='ltr'><strong>traherent</strong></span> <span class='ocrx_word' id='word_1_10' title='bbox 2284 1117 2421 1193; x_wconf 88' lang='lat' dir='ltr'><strong>per</strong></span> <span class='ocrx_word' id='word_1_11' title='bbox 2452 1092 2635 1167; x_wconf 88' lang='lat' dir='ltr'><strong>talia</strong></span> <span class='ocrx_word' id='word_1_12' title='bbox 2662 1103 3001 1192; x_wconf 88' lang='lat' dir='ltr'><strong>tempus:</strong></span> 
     </span>
     <span class='ocr_line' id='line_1_3' title="bbox 982 1231 3155 1331; baseline -0.002 -21"><span class='ocrx_word' id='word_1_13' title='bbox 982 1234 1127 1310; x_wconf 90' lang='lat' dir='ltr'><strong>Sed</strong></span> <span class='ocrx_word' id='word_1_14' title='bbox 1161 1258 1410 1309; x_wconf 87' lang='lat' dir='ltr'><strong>comes</strong></span> <span class='ocrx_word' id='word_1_15' title='bbox 1445 1233 1860 1325; x_wconf 80' lang='lat' dir='ltr'><strong>admonuit,</strong></span> <span class='ocrx_word' id='word_1_16' title='bbox 1906 1232 2381 1331; x_wconf 91' lang='lat' dir='ltr'><strong>breviterque</strong></span> <span class='ocrx_word' id='word_1_17' title='bbox 2424 1233 2655 1307; x_wconf 85' lang='lat' dir='ltr'><strong>affata</strong></span> <span class='ocrx_word' id='word_1_18' title='bbox 2690 1231 2969 1331; x_wconf 85' lang='lat' dir='ltr'>Sibylla</span> <span class='ocrx_word' id='word_1_19' title='bbox 3004 1238 3155 1307; x_wconf 83' lang='lat' dir='ltr'><strong>est:</strong></span> 
     </span>
     <span class='ocr_line' id='line_1_4' title="bbox 983 1371 2845 1465; baseline -0.002 -16"><span class='ocrx_word' id='word_1_20' title='bbox 983 1374 1168 1449; x_wconf 87' lang='lat' dir='ltr'><strong>Nox</strong></span> <span class='ocrx_word' id='word_1_21' title='bbox 1209 1372 1384 1465; x_wconf 87' lang='lat' dir='ltr'><strong>ruit,</strong></span> <span class='ocrx_word' id='word_1_22' title='bbox 1428 1374 1704 1463; x_wconf 84' lang='lat' dir='ltr'><strong>AEnea3</strong></span> <span class='ocrx_word' id='word_1_23' title='bbox 1761 1396 1898 1448; x_wconf 87' lang='lat' dir='ltr'><strong>nos</strong></span> <span class='ocrx_word' id='word_1_24' title='bbox 1934 1371 2189 1447; x_wconf 89' lang='lat' dir='ltr'><strong>flendo</strong></span> <span class='ocrx_word' id='word_1_25' title='bbox 2219 1372 2567 1461; x_wconf 75' lang='lat' dir='ltr'><strong>ducimus</strong></span> <span class='ocrx_word' id='word_1_26' title='bbox 2600 1371 2845 1445; x_wconf 87' lang='lat' dir='ltr'><strong>horas.</strong></span> 
     </span>
     <span class='ocr_line' id='line_1_5' title="bbox 984 1508 2949 1612; baseline -0.002 -25"><span class='ocrx_word' id='word_1_27' title='bbox 984 1512 1136 1588; x_wconf 87' lang='lat' dir='ltr'><strong>Hic</strong></span> <span class='ocrx_word' id='word_1_28' title='bbox 1169 1513 1378 1587; x_wconf 91' lang='lat' dir='ltr'><strong>locus</strong></span> <span class='ocrx_word' id='word_1_29' title='bbox 1414 1526 1528 1589; x_wconf 89' lang='lat' dir='ltr'><strong>est</strong></span> <span class='ocrx_word' id='word_1_30' title='bbox 1559 1524 1810 1612; x_wconf 87' lang='lat' dir='ltr'><strong>partes</strong></span> <span class='ocrx_word' id='word_1_31' title='bbox 1841 1511 1975 1586; x_wconf 92' lang='lat' dir='ltr'><strong>ubi</strong></span> <span class='ocrx_word' id='word_1_32' title='bbox 2008 1538 2087 1587; x_wconf 88' lang='lat' dir='ltr'><strong>se</strong></span> <span class='ocrx_word' id='word_1_33' title='bbox 2121 1510 2249 1585; x_wconf 85' lang='lat' dir='ltr'><strong>via</strong></span> <span class='ocrx_word' id='word_1_34' title='bbox 2280 1509 2501 1585; x_wconf 90' lang='lat' dir='ltr'>findit</span> <span class='ocrx_word' id='word_1_35' title='bbox 2539 1510 2617 1585; x_wconf 89' lang='lat' dir='ltr'><strong>in</strong></span> <span class='ocrx_word' id='word_1_36' title='bbox 2653 1508 2949 1584; x_wconf 82' lang='lat' dir='ltr'><strong>ambas:</strong></span> 
     </span>
     <span class='ocr_line' id='line_1_6' title="bbox 983 1647 2898 1750; baseline -0.001 -26"><span class='ocrx_word' id='word_1_37' title='bbox 983 1648 1344 1742; x_wconf 69' lang='lat' dir='ltr'><strong>Dextera,</strong></span> <span class='ocrx_word' id='word_1_38' title='bbox 1391 1676 1554 1749; x_wconf 84' lang='lat' dir='ltr'><strong>quae</strong></span> <span class='ocrx_word' id='word_1_39' title='bbox 1587 1648 1790 1723; x_wconf 88' lang='lat' dir='ltr'><strong>Ditis</strong></span> <span class='ocrx_word' id='word_1_40' title='bbox 1825 1648 2089 1750; x_wconf 86' lang='lat' dir='ltr'><strong>magni</strong></span> <span class='ocrx_word' id='word_1_41' title='bbox 2124 1648 2261 1724; x_wconf 87' lang='lat' dir='ltr'><strong>sub</strong></span> <span class='ocrx_word' id='word_1_42' title='bbox 2296 1648 2573 1723; x_wconf 83' lang='lat' dir='ltr'><strong>moenia</strong></span> <span class='ocrx_word' id='word_1_43' title='bbox 2604 1647 2898 1738; x_wconf 87' lang='lat' dir='ltr'><strong>tendit;</strong></span> 
     </span>
     <span class='ocr_line' id='line_1_7' title="bbox 985 1788 2755 1888; baseline 0 -25"><span class='ocrx_word' id='word_1_44' title='bbox 985 1790 1156 1865; x_wconf 90' lang='lat' dir='ltr'><strong>Hac</strong></span> <span class='ocrx_word' id='word_1_45' title='bbox 1193 1790 1336 1864; x_wconf 87' lang='lat' dir='ltr'><strong>iter</strong></span> <span class='ocrx_word' id='word_1_46' title='bbox 1367 1788 1706 1888; x_wconf 87' lang='lat' dir='ltr'><strong>Elysium</strong></span> <span class='ocrx_word' id='word_1_47' title='bbox 1741 1788 1995 1863; x_wconf 86' lang='lat' dir='ltr'><strong>nobis:</strong></span> <span class='ocrx_word' id='word_1_48' title='bbox 2052 1800 2135 1863; x_wconf 87' lang='lat' dir='ltr'><strong>at</strong></span> <span class='ocrx_word' id='word_1_49' title='bbox 2164 1788 2349 1863; x_wconf 82' lang='lat' dir='ltr'><strong>laeva</strong></span> <span class='ocrx_word' id='word_1_50' title='bbox 2386 1788 2755 1863; x_wconf 86' lang='lat' dir='ltr'><strong>malorum</strong></span> 
     </span>
     <span class='ocr_line' id='line_1_8' title="bbox 981 1925 2779 2026; baseline -0.001 -24"><span class='ocrx_word' id='word_1_51' title='bbox 981 1928 1312 2003; x_wconf 85' lang='lat' dir='ltr'><strong>Exercet</strong></span> <span class='ocrx_word' id='word_1_52' title='bbox 1345 1952 1622 2026; x_wconf 85' lang='lat' dir='ltr'><strong>poenas,</strong></span> <span class='ocrx_word' id='word_1_53' title='bbox 1667 1940 1744 2001; x_wconf 89' lang='lat' dir='ltr'><strong>et</strong></span> <span class='ocrx_word' id='word_1_54' title='bbox 1778 1925 1875 2000; x_wconf 82' lang='lat' dir='ltr'><strong>ad</strong></span> <span class='ocrx_word' id='word_1_55' title='bbox 1912 1926 2141 2026; x_wconf 89' lang='lat' dir='ltr'><strong>impia</strong></span> <span class='ocrx_word' id='word_1_56' title='bbox 2171 1926 2487 2001; x_wconf 85' lang='lat' dir='ltr'><strong>Tartara</strong></span> <span class='ocrx_word' id='word_1_57' title='bbox 2518 1926 2779 2001; x_wconf 86' lang='lat' dir='ltr'><strong>mittit.</strong></span> 
     </span>
     <span class='ocr_line' id='line_1_9' title="bbox 983 2063 2921 2166; baseline -0.002 -25"><span class='ocrx_word' id='word_1_58' title='bbox 983 2066 1424 2165; x_wconf 83' lang='lat' dir='ltr'>Deiphobus</span> <span class='ocrx_word' id='word_1_59' title='bbox 1459 2078 1762 2141; x_wconf 87' lang='lat' dir='ltr'><strong>contra:</strong></span> <span class='ocrx_word' id='word_1_60' title='bbox 1821 2066 1949 2141; x_wconf 91' lang='lat' dir='ltr'><strong>Ne</strong></span> <span class='ocrx_word' id='word_1_61' title='bbox 1982 2065 2174 2158; x_wconf 65' lang='lat' dir='ltr'><strong>saevi,</strong></span> <span class='ocrx_word' id='word_1_62' title='bbox 2222 2090 2505 2166; x_wconf 84' lang='lat' dir='ltr'><strong>magna.</strong></span> <span class='ocrx_word' id='word_1_63' title='bbox 2534 2063 2881 2140; x_wconf 82' lang='lat' dir='ltr'><strong>sacerdos</strong></span> <span class='ocrx_word' id='word_1_64' title='bbox 2898 2092 2921 2156; x_wconf 90' lang='lat'>;</span> 
     </span>
     <span class='ocr_line' id='line_1_10' title="bbox 984 2200 3091 2304; baseline -0.001 -25"><span class='ocrx_word' id='word_1_65' title='bbox 984 2203 1414 2297; x_wconf 84' lang='lat' dir='ltr'><strong>Discedam,</strong></span> <span class='ocrx_word' id='word_1_66' title='bbox 1461 2204 1782 2304; x_wconf 85' lang='lat' dir='ltr'>explebo</span> <span class='ocrx_word' id='word_1_67' title='bbox 1814 2229 2239 2297; x_wconf 86' lang='lat' dir='ltr'><strong>numerum,</strong></span> <span class='ocrx_word' id='word_1_68' title='bbox 2283 2204 2705 2302; x_wconf 81' lang='lat' dir='ltr'><strong>reddarque</strong></span> <span class='ocrx_word' id='word_1_69' title='bbox 2740 2200 3091 2279; x_wconf 88' lang='lat' dir='ltr'><strong>tenebris.</strong></span> 
     </span>
     <span class='ocr_line' id='line_1_11' title="bbox 983 2340 2833 2435; baseline 0 -19"><span class='ocrx_word' id='word_1_70' title='bbox 983 2342 1046 2435; x_wconf 91' lang='lat'><strong>1,</strong></span> <span class='ocrx_word' id='word_1_71' title='bbox 1093 2340 1344 2435; x_wconf 86' lang='lat' dir='ltr'><strong>decus,</strong></span> <span class='ocrx_word' id='word_1_72' title='bbox 1391 2344 1438 2434; x_wconf 90' lang='lat' dir='ltr'><strong>i,</strong></span> <span class='ocrx_word' id='word_1_73' title='bbox 1485 2356 1866 2435; x_wconf 83' lang='lat' dir='ltr'><strong>nostrum3</strong></span> <span class='ocrx_word' id='word_1_74' title='bbox 1924 2342 2355 2417; x_wconf 89' lang='lat' dir='ltr'><strong>melioribus</strong></span> <span class='ocrx_word' id='word_1_75' title='bbox 2388 2355 2603 2417; x_wconf 87' lang='lat' dir='ltr'><strong>utere</strong></span> <span class='ocrx_word' id='word_1_76' title='bbox 2636 2340 2833 2417; x_wconf 76' lang='lat' dir='ltr'><strong>fatis,</strong></span> 
     </span>
     <span class='ocr_line' id='line_1_12' title="bbox 981 2480 2773 2581; baseline -0.001 -26"><span class='ocrx_word' id='word_1_77' title='bbox 981 2480 1314 2556; x_wconf 88' lang='lat' dir='ltr'><strong>Tantum</strong></span> <span class='ocrx_word' id='word_1_78' title='bbox 1351 2480 1639 2575; x_wconf 86' lang='lat' dir='ltr'><strong>effatus,</strong></span> <span class='ocrx_word' id='word_1_79' title='bbox 1688 2493 1765 2557; x_wconf 90' lang='lat' dir='ltr'><strong>et</strong></span> <span class='ocrx_word' id='word_1_80' title='bbox 1801 2482 1880 2556; x_wconf 91' lang='lat' dir='ltr'><strong>in</strong></span> <span class='ocrx_word' id='word_1_81' title='bbox 1916 2480 2147 2556; x_wconf 84' lang='lat' dir='ltr'><strong>verbo</strong></span> <span class='ocrx_word' id='word_1_82' title='bbox 2178 2480 2503 2581; x_wconf 82' lang='lat' dir='ltr'><strong>vestigia</strong></span> <span class='ocrx_word' id='word_1_83' title='bbox 2532 2480 2773 2555; x_wconf 89' lang='lat' dir='ltr'><strong>torsit.</strong></span> 
     </span>
    </p>

    <p class='ocr_par' dir='ltr' id='par_1_3' title="bbox 955 2618 3189 4659">
     <span class='ocr_line' id='line_1_13' title="bbox 1133 2618 2933 2719; baseline -0.001 -24"><span class='ocrx_word' id='word_1_84' title='bbox 1133 2619 1468 2719; x_wconf 79' lang='lat' dir='ltr'><strong>Respicit</strong></span> <span class='ocrx_word' id='word_1_85' title='bbox 1500 2620 1772 2695; x_wconf 86' lang='lat' dir='ltr'><strong>AEneas</strong></span> <span class='ocrx_word' id='word_1_86' title='bbox 1806 2618 2077 2711; x_wconf 82' lang='lat' dir='ltr'><strong>subite,</strong></span> <span class='ocrx_word' id='word_1_87' title='bbox 2126 2632 2204 2693; x_wconf 90' lang='lat' dir='ltr'><strong>et</strong></span> <span class='ocrx_word' id='word_1_88' title='bbox 2236 2619 2375 2694; x_wconf 91' lang='lat' dir='ltr'><strong>sub</strong></span> <span class='ocrx_word' id='word_1_89' title='bbox 2410 2645 2597 2718; x_wconf 89' lang='lat' dir='ltr'><strong>rupe</strong></span> <span class='ocrx_word' id='word_1_90' title='bbox 2630 2619 2933 2695; x_wconf 83' lang='lat' dir='ltr'><strong>sinistra</strong></span> 
     </span>
     <span class='ocr_line' id='line_1_14' title="bbox 986 2756 2795 2858; baseline -0.001 -25"><span class='ocrx_word' id='word_1_91' title='bbox 986 2758 1276 2833; x_wconf 84' lang='lat' dir='ltr'><strong>Moenia</strong></span> <span class='ocrx_word' id='word_1_92' title='bbox 1309 2759 1464 2832; x_wconf 87' lang='lat' dir='ltr'><strong>lata</strong></span> <span class='ocrx_word' id='word_1_93' title='bbox 1496 2757 1704 2832; x_wconf 86' lang='lat' dir='ltr'><strong>videt</strong></span> <span class='ocrx_word' id='word_1_94' title='bbox 1737 2757 2016 2858; x_wconf 85' lang='lat' dir='ltr'><strong>triplici</strong></span> <span class='ocrx_word' id='word_1_95' title='bbox 2053 2756 2523 2833; x_wconf 86' lang='lat' dir='ltr'><strong>circumdata</strong></span> <span class='ocrx_word' id='word_1_96' title='bbox 2554 2782 2795 2849; x_wconf 81' lang='lat' dir='ltr'><strong>mum,</strong></span> 
     </span>
     <span class='ocr_line' id='line_1_15' title="bbox 988 2895 2914 2995; baseline 0 -24"><span class='ocrx_word' id='word_1_97' title='bbox 988 2897 1178 2982; x_wconf 84' lang='lat' dir='ltr'><strong>Quae</strong></span> <span class='ocrx_word' id='word_1_98' title='bbox 1209 2895 1510 2995; x_wconf 85' lang='lat' dir='ltr'><strong>rapidus</strong></span> <span class='ocrx_word' id='word_1_99' title='bbox 1545 2896 1860 2971; x_wconf 86' lang='lat' dir='ltr'><strong>flammis</strong></span> <span class='ocrx_word' id='word_1_100' title='bbox 1897 2898 2135 2972; x_wconf 88' lang='lat' dir='ltr'><strong>ambit</strong></span> <span class='ocrx_word' id='word_1_101' title='bbox 2170 2896 2629 2973; x_wconf 75' lang='lat' dir='ltr'><strong>torrentibus</strong></span> <span class='ocrx_word' id='word_1_102' title='bbox 2664 2896 2914 2971; x_wconf 78' lang='lat' dir='ltr'><strong>amnis</strong></span> 
     </span>
     <span class='ocr_line' id='line_1_16' title="bbox 982 3034 3028 3135; baseline 0 -26"><span class='ocrx_word' id='word_1_103' title='bbox 982 3034 1382 3109; x_wconf 86' lang='lat' dir='ltr'><strong>Tartareus</strong></span> <span class='ocrx_word' id='word_1_104' title='bbox 1420 3034 1915 3135; x_wconf 84' lang='lat' dir='ltr'><strong>Phlegethon,</strong></span> <span class='ocrx_word' id='word_1_105' title='bbox 1960 3048 2411 3135; x_wconf 87' lang='lat' dir='ltr'><strong>torquetque</strong></span> <span class='ocrx_word' id='word_1_106' title='bbox 2446 3036 2795 3111; x_wconf 82' lang='lat' dir='ltr'><strong>sonantia</strong></span> <span class='ocrx_word' id='word_1_107' title='bbox 2824 3060 3028 3111; x_wconf 84' lang='lat' dir='ltr'><strong>saxa.</strong></span> 
     </span>
     <span class='ocr_line' id='line_1_17' title="bbox 986 3173 3189 3275; baseline 0.001 -28"><span class='ocrx_word' id='word_1_108' title='bbox 986 3173 1214 3249; x_wconf 87' lang='lat' dir='ltr'><strong>Porta</strong></span> <span class='ocrx_word' id='word_1_109' title='bbox 1245 3173 1578 3265; x_wconf 87' lang='lat' dir='ltr'><strong>adversa,</strong></span> <span class='ocrx_word' id='word_1_110' title='bbox 1612 3174 1906 3275; x_wconf 85' lang='lat' dir='ltr'><strong>ingens,</strong></span> <span class='ocrx_word' id='word_1_111' title='bbox 1938 3174 2321 3272; x_wconf 89' lang='lat' dir='ltr'><strong>solidoque</strong></span> <span class='ocrx_word' id='word_1_112' title='bbox 2352 3174 2753 3249; x_wconf 70' lang='lat' dir='ltr'><strong>adamante</strong></span> <span class='ocrx_word' id='word_1_113' title='bbox 2782 3175 3189 3267; x_wconf 80' lang='lat' dir='ltr'><strong>columnae3</strong></span> 
     </span>
     <span class='ocr_line' id='line_1_18' title="bbox 983 3310 2881 3411; baseline 0.001 -26"><span class='ocrx_word' id='word_1_114' title='bbox 983 3311 1120 3385; x_wconf 83' lang='lat' dir='ltr'><strong>Vis</strong></span> <span class='ocrx_word' id='word_1_115' title='bbox 1155 3324 1242 3387; x_wconf 93' lang='lat' dir='ltr'><strong>ut</strong></span> <span class='ocrx_word' id='word_1_116' title='bbox 1275 3312 1488 3387; x_wconf 90' lang='lat' dir='ltr'><strong>nulla</strong></span> <span class='ocrx_word' id='word_1_117' title='bbox 1519 3313 1784 3406; x_wconf 72' lang='lat' dir='ltr'><strong>virum,</strong></span> <span class='ocrx_word' id='word_1_118' title='bbox 1832 3338 1989 3387; x_wconf 89' lang='lat' dir='ltr'><strong>non</strong></span> <span class='ocrx_word' id='word_1_119' title='bbox 2026 3312 2165 3411; x_wconf 90' lang='lat' dir='ltr'><strong>ipsi</strong></span> <span class='ocrx_word' id='word_1_120' title='bbox 2202 3311 2647 3387; x_wconf 82' lang='lat' dir='ltr'><strong>exscindere</strong></span> <span class='ocrx_word' id='word_1_121' title='bbox 2682 3310 2881 3387; x_wconf 88' lang='lat' dir='ltr'><strong>ferro</strong></span> 
     </span>
     <span class='ocr_line' id='line_1_19' title="bbox 989 3450 2900 3544; baseline 0.001 -19"><span class='ocrx_word' id='word_1_122' title='bbox 989 3450 1362 3525; x_wconf 85' lang='lat' dir='ltr'><strong>Coelicolae</strong></span> <span class='ocrx_word' id='word_1_123' title='bbox 1395 3450 1736 3527; x_wconf 82' lang='lat' dir='ltr'><strong>valeant:</strong></span> <span class='ocrx_word' id='word_1_124' title='bbox 1794 3464 1947 3527; x_wconf 84' lang='lat' dir='ltr'><strong>stat</strong></span> <span class='ocrx_word' id='word_1_125' title='bbox 1976 3451 2225 3527; x_wconf 83' lang='lat' dir='ltr'><strong>ferrea</strong></span> <span class='ocrx_word' id='word_1_126' title='bbox 2255 3452 2481 3527; x_wconf 87' lang='lat' dir='ltr'><strong>turris</strong></span> <span class='ocrx_word' id='word_1_127' title='bbox 2516 3452 2609 3525; x_wconf 88' lang='lat' dir='ltr'><strong>ad</strong></span> <span class='ocrx_word' id='word_1_128' title='bbox 2646 3478 2900 3544; x_wconf 78' lang='lat' dir='ltr'><strong>auras3</strong></span> 
     </span>
     <span class='ocr_line' id='line_1_20' title="bbox 982 3588 2907 3697; baseline 0.002 -35"><span class='ocrx_word' id='word_1_129' title='bbox 982 3588 1537 3697; x_wconf 82' lang='lat' dir='ltr'><strong>Tisiphoneque</strong></span> <span class='ocrx_word' id='word_1_130' title='bbox 1572 3590 1861 3683; x_wconf 90' lang='lat' dir='ltr'><strong>sedens,</strong></span> <span class='ocrx_word' id='word_1_131' title='bbox 1908 3592 2109 3689; x_wconf 84' lang='lat' dir='ltr'><strong>palla</strong></span> <span class='ocrx_word' id='word_1_132' title='bbox 2140 3591 2535 3667; x_wconf 88' lang='lat' dir='ltr'><strong>succincta</strong></span> <span class='ocrx_word' id='word_1_133' title='bbox 2568 3604 2907 3683; x_wconf 88' lang='lat' dir='ltr'><strong>cruenta,</strong></span> 
     </span>
     <span class='ocr_line' id='line_1_21' title="bbox 983 3727 2971 3830; baseline 0.002 -29"><span class='ocrx_word' id='word_1_134' title='bbox 983 3727 1463 3803; x_wconf 89' lang='lat' dir='ltr'><strong>Vestibulum</strong></span> <span class='ocrx_word' id='word_1_135' title='bbox 1503 3730 1880 3803; x_wconf 87' lang='lat' dir='ltr'><strong>exsomnis</strong></span> <span class='ocrx_word' id='word_1_136' title='bbox 1914 3743 2164 3805; x_wconf 87' lang='lat' dir='ltr'><strong>servat</strong></span> <span class='ocrx_word' id='word_1_137' title='bbox 2197 3743 2608 3830; x_wconf 90' lang='lat' dir='ltr'><strong>noctesque</strong></span> <span class='ocrx_word' id='word_1_138' title='bbox 2640 3729 2971 3829; x_wconf 86' lang='lat' dir='ltr'><strong>diesque.</strong></span> 
     </span>
     <span class='ocr_line' id='line_1_22' title="bbox 955 3865 2605 3969; baseline 0.004 -33"><span class='ocrx_word' id='word_1_139' title='bbox 955 3865 1192 3941; x_wconf 84' lang='lat' dir='ltr'><strong>.Hine</strong></span> <span class='ocrx_word' id='word_1_140' title='bbox 1229 3868 1570 3943; x_wconf 87' lang='lat' dir='ltr'><strong>exaudiri</strong></span> <span class='ocrx_word' id='word_1_141' title='bbox 1607 3868 1957 3969; x_wconf 87' lang='lat' dir='ltr'><strong>gemitus,</strong></span> <span class='ocrx_word' id='word_1_142' title='bbox 2004 3880 2083 3943; x_wconf 92' lang='lat' dir='ltr'><strong>et</strong></span> <span class='ocrx_word' id='word_1_143' title='bbox 2114 3894 2306 3943; x_wconf 85' lang='lat' dir='ltr'><strong>saeva</strong></span> <span class='ocrx_word' id='word_1_144' title='bbox 2338 3892 2605 3943; x_wconf 86' lang='lat' dir='ltr'><strong>sonare</strong></span> 
     </span>
     <span class='ocr_line' id='line_1_23' title="bbox 984 4004 2924 4105; baseline 0.003 -28"><span class='ocrx_word' id='word_1_145' title='bbox 984 4004 1360 4080; x_wconf 84' lang='lat' dir='ltr'><strong>Verbera:</strong></span> <span class='ocrx_word' id='word_1_146' title='bbox 1417 4005 1892 4080; x_wconf 78' lang='lat' dir='ltr'><strong>tum&#39;stridor</strong></span> <span class='ocrx_word' id='word_1_147' title='bbox 1922 4004 2123 4099; x_wconf 88' lang='lat' dir='ltr'><strong>ferri,</strong></span> <span class='ocrx_word' id='word_1_148' title='bbox 2173 4018 2577 4105; x_wconf 85' lang='lat' dir='ltr'><strong>tractaeque</strong></span> <span class='ocrx_word' id='word_1_149' title='bbox 2616 4016 2924 4082; x_wconf 84' lang='lat' dir='ltr'><strong>catenae.</strong></span> 
     </span>
     <span class='ocr_line' id='line_1_24' title="bbox 989 4141 3029 4243; baseline 0.002 -27"><span class='ocrx_word' id='word_1_150' title='bbox 989 4141 1354 4218; x_wconf 89' lang='lat' dir='ltr'><strong>Constitit</strong></span> <span class='ocrx_word' id='word_1_151' title='bbox 1383 4144 1678 4237; x_wconf 87' lang='lat' dir='ltr'><strong>AEneas,</strong></span> <span class='ocrx_word' id='word_1_152' title='bbox 1723 4145 2269 4243; x_wconf 86' lang='lat' dir='ltr'><strong>strepitumque</strong></span> <span class='ocrx_word' id='word_1_153' title='bbox 2305 4146 2709 4220; x_wconf 88' lang='lat' dir='ltr'><strong>exterritus</strong></span> <span class='ocrx_word' id='word_1_154' title='bbox 2744 4145 3029 4220; x_wconf 84' lang='lat' dir='ltr'><strong>hausit:</strong></span> 
     </span>
     <span class='ocr_line' id='line_1_25' title="bbox 988 4280 2999 4385; baseline 0.002 -30"><span class='ocrx_word' id='word_1_155' title='bbox 988 4280 1178 4369; x_wconf 85' lang='lat' dir='ltr'><strong>Quae</strong></span> <span class='ocrx_word' id='word_1_156' title='bbox 1213 4284 1580 4359; x_wconf 86' lang='lat' dir='ltr'><strong>scelerum</strong></span> <span class='ocrx_word' id='word_1_157' title='bbox 1615 4282 1892 4359; x_wconf 87' lang='lat' dir='ltr'><strong>facies?</strong></span> <span class='ocrx_word' id='word_1_158' title='bbox 1945 4308 1992 4359; x_wconf 92' lang='grc' dir='ltr'><strong>ο</strong></span> <span class='ocrx_word' id='word_1_159' title='bbox 2024 4285 2260 4385; x_wconf 88' lang='lat' dir='ltr'><strong>virg0‚</strong></span> <span class='ocrx_word' id='word_1_160' title='bbox 2310 4285 2540 4359; x_wconf 87' lang='lat' dir='ltr'><strong>effare</strong></span> <span class='ocrx_word' id='word_1_161' title='bbox 2556 4313 2576 4376; x_wconf 79' lang='lat'><em>3</em></span> <span class='ocrx_word' id='word_1_162' title='bbox 2634 4284 2999 4382; x_wconf 83' lang='lat' dir='ltr'><strong>quibusve</strong></span> 
     </span>
     <span class='ocr_line' id='line_1_26' title="bbox 985 4419 2947 4522; baseline 0 -27"><span class='ocrx_word' id='word_1_163' title='bbox 985 4419 1381 4521; x_wconf 85' lang='lat' dir='ltr'><strong>Urgentur</strong></span> <span class='ocrx_word' id='word_1_164' title='bbox 1412 4422 1691 4521; x_wconf 88' lang='lat' dir='ltr'><strong>poenis?</strong></span> <span class='ocrx_word' id='word_1_165' title='bbox 1741 4422 1869 4520; x_wconf 93' lang='lat' dir='ltr'><strong>qui</strong></span> <span class='ocrx_word' id='word_1_166' title='bbox 1902 4434 2161 4497; x_wconf 86' lang='lat' dir='ltr'><strong>tantus</strong></span> <span class='ocrx_word' id='word_1_167' title='bbox 2196 4424 2517 4522; x_wconf 82' lang='lat' dir='ltr'><strong>plangor</strong></span> <span class='ocrx_word' id='word_1_168' title='bbox 2550 4422 2647 4496; x_wconf 88' lang='lat' dir='ltr'><strong>ad</strong></span> <span class='ocrx_word' id='word_1_169' title='bbox 2684 4422 2947 4497; x_wconf 84' lang='lat' dir='ltr'><strong>auras?</strong></span> 
     </span>
     <span class='ocr_line' id='line_1_27' title="bbox 983 4558 3051 4659; baseline 0.003 -28"><span class='ocrx_word' id='word_1_170' title='bbox 983 4558 1178 4634; x_wconf 87' lang='lat' dir='ltr'><strong>Tum</strong></span> <span class='ocrx_word' id='word_1_171' title='bbox 1215 4573 1423 4637; x_wconf 86' lang='lat' dir='ltr'><strong>vates</strong></span> <span class='ocrx_word' id='word_1_172' title='bbox 1470 4560 1578 4637; x_wconf 86' lang='lat' dir='ltr'><strong>sic</strong></span> <span class='ocrx_word' id='word_1_173' title='bbox 1613 4584 1782 4635; x_wconf 82' lang='lat' dir='ltr'><strong>orsa</strong></span> <span class='ocrx_word' id='word_1_174' title='bbox 1811 4561 2053 4658; x_wconf 87' lang='lat' dir='ltr'><strong>loqui:</strong></span> <span class='ocrx_word' id='word_1_175' title='bbox 2113 4561 2298 4635; x_wconf 86' lang='lat' dir='ltr'><strong>Dux</strong></span> <span class='ocrx_word' id='word_1_176' title='bbox 2336 4562 2620 4659; x_wconf 82' lang='lat' dir='ltr'><strong>inclyte</strong></span> <span class='ocrx_word' id='word_1_177' title='bbox 2654 4560 3051 4654; x_wconf 70' lang='lat' dir='ltr'><strong>Teucrum,</strong></span> 
     </span>
    </p>
   </div>
  </div>
 </body>
</html>
