<?xml version="1.0" encoding="UTF-8"?>
<!DOCTYPE html PUBLIC "-//W3C//DTD XHTML 1.0 Transitional//EN"
    "http://www.w3.org/TR/xhtml1/DTD/xhtml1-transitional.dtd">
<html xmlns="http://www.w3.org/1999/xhtml" xml:lang="en" lang="en">
 <head>
  <title>
</title>
<meta http-equiv="Content-Type" content="text/html;charset=utf-8" />
  <meta name='ocr-system' content='tesseract 3.04.00' />
  <meta name='ocr-capabilities' content='ocr_page ocr_carea ocr_par ocr_line ocrx_word'/>
</head>
<body>
  <div class='ocr_page' id='page_1' title='image "./publiusvergiliu00virggoog/publiusvergiliu00virggoog_0137.png"; bbox 0 0 3792 6234; ppageno 0'>
   <div class='ocr_carea' id='block_1_1' title="bbox 936 953 3084 1034">
    <p class='ocr_par' dir='ltr' id='par_1_1' title="bbox 936 953 3084 1034">
     <span class='ocr_line' id='line_1_1' title="bbox 936 953 3084 1034; baseline -0.002 0"><span class='ocrx_word' id='word_1_1' title='bbox 936 967 1077 1034; x_wconf 80' lang='lat'>120</span> <span class='ocrx_word' id='word_1_2' title='bbox 1782 955 1879 1032; x_wconf 80' lang='lat' dir='ltr'>AE</span> <span class='ocrx_word' id='word_1_3' title='bbox 1901 956 1980 1030; x_wconf 92' lang='lat' dir='ltr'>N</span> <span class='ocrx_word' id='word_1_4' title='bbox 2005 953 2070 1030; x_wconf 84' lang='lat' dir='ltr'><strong>E</strong></span> <span class='ocrx_word' id='word_1_5' title='bbox 2095 955 2132 1028; x_wconf 92' lang='grc' dir='ltr'>Ι</span> <span class='ocrx_word' id='word_1_6' title='bbox 2157 955 2224 1030; x_wconf 90' lang='lat' dir='ltr'>S.</span> <span class='ocrx_word' id='word_1_7' title='bbox 2615 1027 2620 1032; x_wconf 84' lang='lat'><em>.</em></span> <span class='ocrx_word' id='word_1_8' title='bbox 2809 979 2878 1030; x_wconf 80' lang='lat' dir='ltr'>v·</span> <span class='ocrx_word' id='word_1_9' title='bbox 2917 964 3084 1030; x_wconf 76' lang='lat'><strong>882.</strong></span> 
     </span>
    </p>
   </div>
   <div class='ocr_carea' id='block_1_2' title="bbox 911 1151 3124 4716">
    <p class='ocr_par' dir='ltr' id='par_1_2' title="bbox 916 1151 2677 1255">
     <span class='ocr_line' id='line_1_2' title="bbox 916 1151 2677 1255; baseline -0.003 -24"><span class='ocrx_word' id='word_1_10' title='bbox 916 1157 1153 1230; x_wconf 90' lang='lat' dir='ltr'>Arma</span> <span class='ocrx_word' id='word_1_11' title='bbox 1185 1177 1371 1255; x_wconf 85' lang='lat' dir='ltr'>rogo</span> <span class='ocrx_word' id='word_1_12' title='bbox 1404 1153 1756 1254; x_wconf 84' lang='lat' dir='ltr'>genetrix</span> <span class='ocrx_word' id='word_1_13' title='bbox 1788 1165 1995 1228; x_wconf 85' lang='lat' dir='ltr'>nato.</span> <span class='ocrx_word' id='word_1_14' title='bbox 2089 1154 2200 1228; x_wconf 91' lang='lat' dir='ltr'>Te</span> <span class='ocrx_word' id='word_1_15' title='bbox 2233 1151 2386 1227; x_wconf 84' lang='lat' dir='ltr'>filia</span> <span class='ocrx_word' id='word_1_16' title='bbox 2421 1151 2677 1244; x_wconf 90' lang='lat' dir='ltr'>Nerei,</span> 
     </span>
    </p>

    <p class='ocr_par' dir='ltr' id='par_1_3' title="bbox 914 1288 2760 1392">
     <span class='ocr_line' id='line_1_3' title="bbox 914 1288 2760 1392; baseline -0.002 -24"><span class='ocrx_word' id='word_1_17' title='bbox 914 1295 1025 1368; x_wconf 89' lang='lat' dir='ltr'>Te</span> <span class='ocrx_word' id='word_1_18' title='bbox 1061 1294 1305 1392; x_wconf 90' lang='lat' dir='ltr'>potuit</span> <span class='ocrx_word' id='word_1_19' title='bbox 1341 1292 1687 1390; x_wconf 85' lang='lat' dir='ltr'><strong>lacrymis</strong></span> <span class='ocrx_word' id='word_1_20' title='bbox 1720 1292 2079 1367; x_wconf 82' lang='lat' dir='ltr'><strong>Tithonia</strong></span> <span class='ocrx_word' id='word_1_21' title='bbox 2115 1293 2418 1366; x_wconf 91' lang='lat' dir='ltr'>flectere</span> <span class='ocrx_word' id='word_1_22' title='bbox 2453 1288 2760 1389; x_wconf 86' lang='lat' dir='ltr'>conjux.</span> 
     </span>
    </p>

    <p class='ocr_par' dir='ltr' id='par_1_4' title="bbox 913 1429 2849 1531">
     <span class='ocr_line' id='line_1_4' title="bbox 913 1429 2849 1531; baseline -0.002 -26"><span class='ocrx_word' id='word_1_23' title='bbox 913 1430 1240 1531; x_wconf 84' lang='lat' dir='ltr'>Adspice</span> <span class='ocrx_word' id='word_1_24' title='bbox 1276 1429 1403 1528; x_wconf 88' lang='lat' dir='ltr'>qui</span> <span class='ocrx_word' id='word_1_25' title='bbox 1440 1443 1715 1505; x_wconf 87' lang='lat' dir='ltr'>coeant</span> <span class='ocrx_word' id='word_1_26' title='bbox 1746 1430 2024 1530; x_wconf 91' lang='lat' dir='ltr'>populi,</span> <span class='ocrx_word' id='word_1_27' title='bbox 2069 1456 2230 1529; x_wconf 86' lang='lat' dir='ltr'>quae</span> <span class='ocrx_word' id='word_1_28' title='bbox 2272 1429 2546 1504; x_wconf 88' lang='lat' dir='ltr'>moenia</span> <span class='ocrx_word' id='word_1_29' title='bbox 2579 1429 2849 1504; x_wconf 84' lang='lat' dir='ltr'>clausis</span> 
     </span>
    </p>

    <p class='ocr_par' dir='ltr' id='par_1_5' title="bbox 914 1566 3068 1806">
     <span class='ocr_line' id='line_1_5' title="bbox 914 1566 3034 1669; baseline -0.001 -25"><span class='ocrx_word' id='word_1_30' title='bbox 914 1569 1221 1644; x_wconf 83' lang='lat' dir='ltr'>Ferrum</span> <span class='ocrx_word' id='word_1_31' title='bbox 1257 1581 1537 1643; x_wconf 86' lang='lat' dir='ltr'>acuant</span> <span class='ocrx_word' id='word_1_32' title='bbox 1572 1568 1802 1669; x_wconf 90' lang='lat' dir='ltr'>portis</span> <span class='ocrx_word' id='word_1_33' title='bbox 1838 1570 1918 1643; x_wconf 90' lang='lat' dir='ltr'>in</span> <span class='ocrx_word' id='word_1_34' title='bbox 1955 1593 2076 1642; x_wconf 92' lang='lat' dir='ltr'>me</span> <span class='ocrx_word' id='word_1_35' title='bbox 2111 1568 2641 1666; x_wconf 83' lang='lat' dir='ltr'>excidiumque</span> <span class='ocrx_word' id='word_1_36' title='bbox 2673 1566 3034 1642; x_wconf 77' lang='lat' dir='ltr'>nieorum.</span> 
     </span>
     <span class='ocr_line' id='line_1_6' title="bbox 1064 1706 3068 1806; baseline -0 -25"><span class='ocrx_word' id='word_1_37' title='bbox 1064 1707 1426 1798; x_wconf 85' lang='lat' dir='ltr'>Dixerat3</span> <span class='ocrx_word' id='word_1_38' title='bbox 1485 1719 1563 1780; x_wconf 90' lang='lat' dir='ltr'>et</span> <span class='ocrx_word' id='word_1_39' title='bbox 1596 1707 1835 1781; x_wconf 87' lang='lat' dir='ltr'>niveis</span> <span class='ocrx_word' id='word_1_40' title='bbox 1868 1707 2050 1781; x_wconf 89' lang='lat' dir='ltr'>hinc</span> <span class='ocrx_word' id='word_1_41' title='bbox 2084 1719 2310 1806; x_wconf 84' lang='lat' dir='ltr'>atque</span> <span class='ocrx_word' id='word_1_42' title='bbox 2345 1706 2528 1780; x_wconf 90' lang='lat' dir='ltr'>hinc</span> <span class='ocrx_word' id='word_1_43' title='bbox 2561 1707 2736 1782; x_wconf 84' lang='lat' dir='ltr'>diva</span> <span class='ocrx_word' id='word_1_44' title='bbox 2771 1706 3068 1780; x_wconf 86' lang='lat' dir='ltr'>lacertis</span> 
     </span>
    </p>

    <p class='ocr_par' dir='ltr' id='par_1_6' title="bbox 916 1843 2871 1946">
     <span class='ocr_line' id='line_1_7' title="bbox 916 1843 2871 1946; baseline -0.001 -26"><span class='ocrx_word' id='word_1_45' title='bbox 916 1844 1433 1920; x_wconf 86' lang='lat' dir='ltr'>Cunctantem</span> <span class='ocrx_word' id='word_1_46' title='bbox 1469 1847 1821 1946; x_wconf 85' lang='lat' dir='ltr'>amplexu</span> <span class='ocrx_word' id='word_1_47' title='bbox 1856 1845 2064 1919; x_wconf 91' lang='lat' dir='ltr'>molli</span> <span class='ocrx_word' id='word_1_48' title='bbox 2095 1843 2341 1920; x_wconf 85' lang='lat' dir='ltr'>fovet.-</span> <span class='ocrx_word' id='word_1_49' title='bbox 2399 1845 2524 1918; x_wconf 90' lang='lat' dir='ltr'>ille</span> <span class='ocrx_word' id='word_1_50' title='bbox 2559 1861 2871 1943; x_wconf 88' lang='lat' dir='ltr'>repente</span> 
     </span>
    </p>

    <p class='ocr_par' dir='ltr' id='par_1_7' title="bbox 914 1983 2816 2081">
     <span class='ocr_line' id='line_1_8' title="bbox 914 1983 2816 2081; baseline -0.001 -23"><span class='ocrx_word' id='word_1_51' title='bbox 914 1983 1235 2081; x_wconf 87' lang='lat' dir='ltr'>Accepit</span> <span class='ocrx_word' id='word_1_52' title='bbox 1270 1983 1565 2058; x_wconf 85' lang='lat' dir='ltr'>solitam</span> <span class='ocrx_word' id='word_1_53' title='bbox 1600 1985 1997 2075; x_wconf 88' lang='lat' dir='ltr'>flammam,</span> <span class='ocrx_word' id='word_1_54' title='bbox 2045 1995 2418 2080; x_wconf 89' lang='lat' dir='ltr'>notusque</span> <span class='ocrx_word' id='word_1_55' title='bbox 2451 1983 2816 2057; x_wconf 86' lang='lat' dir='ltr'>medullas</span> 
     </span>
    </p>

    <p class='ocr_par' dir='ltr' id='par_1_8' title="bbox 914 2119 2810 2221">
     <span class='ocr_line' id='line_1_9' title="bbox 914 2119 2810 2221; baseline 0.001 -26"><span class='ocrx_word' id='word_1_56' title='bbox 914 2119 1243 2197; x_wconf 85' lang='lat' dir='ltr'>Intravit</span> <span class='ocrx_word' id='word_1_57' title='bbox 1278 2122 1499 2216; x_wconf 88' lang='lat' dir='ltr'>calor,</span> <span class='ocrx_word' id='word_1_58' title='bbox 1548 2133 1625 2197; x_wconf 92' lang='lat' dir='ltr'>et</span> <span class='ocrx_word' id='word_1_59' title='bbox 1660 2121 2036 2197; x_wconf 74' lang='lat' dir='ltr'>labefacta</span> <span class='ocrx_word' id='word_1_60' title='bbox 2068 2145 2204 2221; x_wconf 91' lang='lat' dir='ltr'>per</span> <span class='ocrx_word' id='word_1_61' title='bbox 2235 2146 2400 2194; x_wconf 89' lang='lat' dir='ltr'>ossa</span> <span class='ocrx_word' id='word_1_62' title='bbox 2435 2119 2810 2196; x_wconf 86' lang='lat' dir='ltr'>cucurrit:</span> 
     </span>
    </p>

    <p class='ocr_par' dir='ltr' id='par_1_9' title="bbox 916 2259 3012 2359">
     <span class='ocr_line' id='line_1_10' title="bbox 916 2259 3012 2359; baseline 0 -25"><span class='ocrx_word' id='word_1_63' title='bbox 916 2259 1099 2334; x_wconf 90' lang='lat' dir='ltr'>Non</span> <span class='ocrx_word' id='word_1_64' title='bbox 1136 2286 1348 2337; x_wconf 88' lang='lat' dir='ltr'>secus</span> <span class='ocrx_word' id='word_1_65' title='bbox 1384 2274 1609 2359; x_wconf 90' lang='lat' dir='ltr'>atque</span> <span class='ocrx_word' id='word_1_66' title='bbox 1642 2261 1819 2335; x_wconf 89' lang='lat' dir='ltr'>olim</span> <span class='ocrx_word' id='word_1_67' title='bbox 1858 2260 2148 2335; x_wconf 88' lang='lat' dir='ltr'>tonitru</span> <span class='ocrx_word' id='word_1_68' title='bbox 2181 2286 2412 2359; x_wconf 91' lang='lat' dir='ltr'>quum</span> <span class='ocrx_word' id='word_1_69' title='bbox 2444 2271 2668 2359; x_wconf 86' lang='lat' dir='ltr'>rupta</span> <span class='ocrx_word' id='word_1_70' title='bbox 2701 2284 3012 2334; x_wconf 87' lang='lat' dir='ltr'>corusco</span> 
     </span>
    </p>

    <p class='ocr_par' dir='ltr' id='par_1_10' title="bbox 916 2398 2772 2499">
     <span class='ocr_line' id='line_1_11' title="bbox 916 2398 2772 2499; baseline 0 -27"><span class='ocrx_word' id='word_1_71' title='bbox 916 2399 1159 2499; x_wconf 85' lang='lat' dir='ltr'>Ignea</span> <span class='ocrx_word' id='word_1_72' title='bbox 1190 2399 1380 2474; x_wconf 87' lang='lat' dir='ltr'>rima</span> <span class='ocrx_word' id='word_1_73' title='bbox 1413 2400 1699 2474; x_wconf 87' lang='lat' dir='ltr'>micans</span> <span class='ocrx_word' id='word_1_74' title='bbox 1732 2398 2104 2498; x_wconf 84' lang='lat' dir='ltr'>percurrit</span> <span class='ocrx_word' id='word_1_75' title='bbox 2139 2399 2424 2473; x_wconf 88' lang='lat' dir='ltr'>lumine</span> <span class='ocrx_word' id='word_1_76' title='bbox 2457 2399 2772 2472; x_wconf 79' lang='lat' dir='ltr'>nimboS.</span> 
     </span>
    </p>

    <p class='ocr_par' dir='ltr' id='par_1_11' title="bbox 913 2509 2659 2648">
     <span class='ocr_line' id='line_1_12' title="bbox 913 2509 2659 2648; baseline -0.002 -36"><span class='ocrx_word' id='word_1_77' title='bbox 913 2537 1157 2612; x_wconf 88' lang='lat' dir='ltr'>Sensit</span> <span class='ocrx_word' id='word_1_78' title='bbox 1192 2539 1361 2611; x_wconf 88' lang='lat' dir='ltr'>laeta</span> <span class='ocrx_word' id='word_1_79' title='bbox 1394 2537 1583 2612; x_wconf 83' lang='lat' dir='ltr'>dolis</span> <span class='ocrx_word' id='word_1_80' title='bbox 1617 2552 1694 2612; x_wconf 92' lang='lat' dir='ltr'>et</span> <span class='ocrx_word' id='word_1_81' title='bbox 1728 2509 1984 2612; x_wconf 68' lang='lat' dir='ltr'>formae</span> <span class='ocrx_word' id='word_1_82' title='bbox 2021 2536 2324 2648; x_wconf 81' lang='lat' dir='ltr'>conscia</span> <span class='ocrx_word' id='word_1_83' title='bbox 2357 2535 2659 2636; x_wconf 87' lang='lat' dir='ltr'>conjux.</span> 
     </span>
    </p>

    <p class='ocr_par' dir='ltr' id='par_1_12' title="bbox 911 2673 2662 2772">
     <span class='ocr_line' id='line_1_13' title="bbox 911 2673 2662 2772; baseline 0 -24"><span class='ocrx_word' id='word_1_84' title='bbox 911 2675 1107 2748; x_wconf 92' lang='lat' dir='ltr'>Tum</span> <span class='ocrx_word' id='word_1_85' title='bbox 1142 2687 1357 2772; x_wconf 89' lang='lat' dir='ltr'>pater</span> <span class='ocrx_word' id='word_1_86' title='bbox 1388 2687 1668 2749; x_wconf 87' lang='lat' dir='ltr'>aeterno</span> <span class='ocrx_word' id='word_1_87' title='bbox 1700 2673 1908 2749; x_wconf 88' lang='lat' dir='ltr'>fatur</span> <span class='ocrx_word' id='word_1_88' title='bbox 1938 2675 2336 2750; x_wconf 89' lang='lat' dir='ltr'>devinctus</span> <span class='ocrx_word' id='word_1_89' title='bbox 2372 2700 2662 2749; x_wconf 88' lang='lat' dir='ltr'>amore:</span> 
     </span>
    </p>

    <p class='ocr_par' dir='ltr' id='par_1_13' title="bbox 916 2812 2602 2912">
     <span class='ocr_line' id='line_1_14' title="bbox 916 2812 2602 2912; baseline 0.001 -26"><span class='ocrx_word' id='word_1_90' title='bbox 916 2812 1125 2898; x_wconf 85' lang='lat' dir='ltr'>Quid</span> <span class='ocrx_word' id='word_1_91' title='bbox 1162 2837 1421 2886; x_wconf 83' lang='lat' dir='ltr'>causas</span> <span class='ocrx_word' id='word_1_92' title='bbox 1458 2812 1647 2912; x_wconf 88' lang='lat' dir='ltr'>petis</span> <span class='ocrx_word' id='word_1_93' title='bbox 1681 2838 1778 2887; x_wconf 86' lang='lat' dir='ltr'>ex</span> <span class='ocrx_word' id='word_1_94' title='bbox 1814 2814 2015 2889; x_wconf 84' lang='lat' dir='ltr'>alto?</span> <span class='ocrx_word' id='word_1_95' title='bbox 2065 2814 2343 2889; x_wconf 88' lang='lat' dir='ltr'>fiducia</span> <span class='ocrx_word' id='word_1_96' title='bbox 2379 2813 2602 2888; x_wconf 86' lang='lat' dir='ltr'>cessit</span> 
     </span>
    </p>

    <p class='ocr_par' dir='ltr' id='par_1_14' title="bbox 916 2951 2708 3045">
     <span class='ocr_line' id='line_1_15' title="bbox 916 2951 2708 3045; baseline 0 -19"><span class='ocrx_word' id='word_1_97' title='bbox 916 2952 1089 3038; x_wconf 85' lang='lat' dir='ltr'>Quo</span> <span class='ocrx_word' id='word_1_98' title='bbox 1123 2953 1283 3044; x_wconf 90' lang='lat' dir='ltr'>tibi,</span> <span class='ocrx_word' id='word_1_99' title='bbox 1332 2952 1527 3045; x_wconf 88' lang='lat' dir='ltr'>diva,</span> <span class='ocrx_word' id='word_1_100' title='bbox 1570 2952 1763 3026; x_wconf 89' lang='lat' dir='ltr'>mei?</span> <span class='ocrx_word' id='word_1_101' title='bbox 1816 2952 2074 3026; x_wconf 91' lang='lat' dir='ltr'>similis</span> <span class='ocrx_word' id='word_1_102' title='bbox 2110 2954 2171 3026; x_wconf 90' lang='lat' dir='ltr'>si</span> <span class='ocrx_word' id='word_1_103' title='bbox 2209 2977 2392 3027; x_wconf 86' lang='lat' dir='ltr'>cura</span> <span class='ocrx_word' id='word_1_104' title='bbox 2423 2951 2708 3044; x_wconf 86' lang='lat' dir='ltr'>fuisset,</span> 
     </span>
    </p>

    <p class='ocr_par' dir='ltr' id='par_1_15' title="bbox 912 3089 2846 3189">
     <span class='ocr_line' id='line_1_16' title="bbox 912 3089 2846 3189; baseline 0.001 -25"><span class='ocrx_word' id='word_1_105' title='bbox 912 3091 1108 3165; x_wconf 90' lang='lat' dir='ltr'>Tum</span> <span class='ocrx_word' id='word_1_106' title='bbox 1143 3115 1437 3189; x_wconf 90' lang='lat' dir='ltr'>quoque</span> <span class='ocrx_word' id='word_1_107' title='bbox 1470 3090 1583 3164; x_wconf 88' lang='lat' dir='ltr'>fas</span> <span class='ocrx_word' id='word_1_108' title='bbox 1619 3089 1831 3164; x_wconf 89' lang='lat' dir='ltr'>nobis</span> <span class='ocrx_word' id='word_1_109' title='bbox 1858 3090 2188 3165; x_wconf 88' lang='lat' dir='ltr'>Teucros</span> <span class='ocrx_word' id='word_1_110' title='bbox 2225 3115 2511 3166; x_wconf 90' lang='lat' dir='ltr'>armare</span> <span class='ocrx_word' id='word_1_111' title='bbox 2545 3089 2808 3165; x_wconf 85' lang='lat' dir='ltr'>fuisset</span> <span class='ocrx_word' id='word_1_112' title='bbox 2825 3119 2846 3181; x_wconf 90' lang='lat'>;</span> 
     </span>
    </p>

    <p class='ocr_par' dir='ltr' id='par_1_16' title="bbox 916 3227 2942 3328">
     <span class='ocr_line' id='line_1_17' title="bbox 916 3227 2942 3328; baseline -0.001 -24"><span class='ocrx_word' id='word_1_113' title='bbox 916 3229 1088 3304; x_wconf 88' lang='lat' dir='ltr'>Nec</span> <span class='ocrx_word' id='word_1_114' title='bbox 1120 3242 1335 3328; x_wconf 88' lang='lat' dir='ltr'>pater</span> <span class='ocrx_word' id='word_1_115' title='bbox 1368 3229 1843 3328; x_wconf 89' lang='lat' dir='ltr'>omnipotens</span> <span class='ocrx_word' id='word_1_116' title='bbox 1870 3227 2170 3328; x_wconf 90' lang='lat' dir='ltr'>Trojam</span> <span class='ocrx_word' id='word_1_117' title='bbox 2207 3255 2353 3304; x_wconf 89' lang='lat' dir='ltr'>nec</span> <span class='ocrx_word' id='word_1_118' title='bbox 2385 3229 2545 3304; x_wconf 87' lang='lat' dir='ltr'>fata</span> <span class='ocrx_word' id='word_1_119' title='bbox 2579 3228 2942 3304; x_wconf 82' lang='lat' dir='ltr'>vetabant</span> 
     </span>
    </p>

    <p class='ocr_par' dir='ltr' id='par_1_17' title="bbox 914 3367 3084 3468">
     <span class='ocr_line' id='line_1_18' title="bbox 914 3367 3084 3468; baseline 0.001 -27"><span class='ocrx_word' id='word_1_120' title='bbox 914 3367 1142 3459; x_wconf 88' lang='lat' dir='ltr'>Stare,</span> <span class='ocrx_word' id='word_1_121' title='bbox 1182 3367 1593 3466; x_wconf 87' lang='lat' dir='ltr'>decemque</span> <span class='ocrx_word' id='word_1_122' title='bbox 1630 3367 1809 3441; x_wconf 86' lang='lat' dir='ltr'>alios</span> <span class='ocrx_word' id='word_1_123' title='bbox 1838 3367 2217 3443; x_wconf 89' lang='lat' dir='ltr'>Priamum</span> <span class='ocrx_word' id='word_1_124' title='bbox 2253 3392 2632 3468; x_wconf 88' lang='lat' dir='ltr'>superesse</span> <span class='ocrx_word' id='word_1_125' title='bbox 2661 3393 2794 3468; x_wconf 90' lang='lat' dir='ltr'>per</span> <span class='ocrx_word' id='word_1_126' title='bbox 2825 3391 3084 3443; x_wconf 76' lang='lat' dir='ltr'>annos,</span> 
     </span>
    </p>

    <p class='ocr_par' dir='ltr' id='par_1_18' title="bbox 914 3503 3025 3604">
     <span class='ocr_line' id='line_1_19' title="bbox 914 3503 3025 3604; baseline 0.002 -27"><span class='ocrx_word' id='word_1_127' title='bbox 914 3503 1014 3578; x_wconf 88' lang='lat' dir='ltr'>Et</span> <span class='ocrx_word' id='word_1_128' title='bbox 1048 3531 1276 3597; x_wconf 90' lang='lat' dir='ltr'>nunc,</span> <span class='ocrx_word' id='word_1_129' title='bbox 1322 3505 1383 3578; x_wconf 89' lang='lat' dir='ltr'>si</span> <span class='ocrx_word' id='word_1_130' title='bbox 1419 3505 1697 3579; x_wconf 88' lang='lat' dir='ltr'>bellare</span> <span class='ocrx_word' id='word_1_131' title='bbox 1732 3530 1967 3604; x_wconf 77' lang='lat' dir='ltr'>paraS,</span> <span class='ocrx_word' id='word_1_132' title='bbox 2013 3517 2239 3603; x_wconf 90' lang='lat' dir='ltr'>atque</span> <span class='ocrx_word' id='word_1_133' title='bbox 2275 3507 2433 3582; x_wconf 84' lang='lat' dir='ltr'>haec</span> <span class='ocrx_word' id='word_1_134' title='bbox 2466 3506 2608 3581; x_wconf 92' lang='lat' dir='ltr'>tibi</span> <span class='ocrx_word' id='word_1_135' title='bbox 2641 3532 2854 3582; x_wconf 89' lang='lat' dir='ltr'>mens</span> <span class='ocrx_word' id='word_1_136' title='bbox 2891 3518 3025 3601; x_wconf 88' lang='lat' dir='ltr'>est,</span> 
     </span>
    </p>

    <p class='ocr_par' dir='ltr' id='par_1_19' title="bbox 918 3641 2870 3743">
     <span class='ocr_line' id='line_1_20' title="bbox 918 3641 2870 3743; baseline 0.002 -27"><span class='ocrx_word' id='word_1_137' title='bbox 918 3641 1307 3740; x_wconf 85' lang='lat' dir='ltr'>Quidquid</span> <span class='ocrx_word' id='word_1_138' title='bbox 1343 3642 1420 3716; x_wconf 91' lang='lat' dir='ltr'>in</span> <span class='ocrx_word' id='word_1_139' title='bbox 1457 3657 1617 3718; x_wconf 90' lang='lat' dir='ltr'>arte</span> <span class='ocrx_word' id='word_1_140' title='bbox 1651 3668 1821 3718; x_wconf 89' lang='lat' dir='ltr'>mea</span> <span class='ocrx_word' id='word_1_141' title='bbox 1853 3669 2150 3742; x_wconf 89' lang='lat' dir='ltr'>possum</span> <span class='ocrx_word' id='word_1_142' title='bbox 2184 3645 2619 3743; x_wconf 89' lang='lat' dir='ltr'>promittere</span> <span class='ocrx_word' id='word_1_143' title='bbox 2655 3669 2870 3738; x_wconf 85' lang='lat' dir='ltr'>curae,</span> 
     </span>
    </p>

    <p class='ocr_par' dir='ltr' id='par_1_20' title="bbox 918 3779 2595 3881">
     <span class='ocr_line' id='line_1_21' title="bbox 918 3779 2595 3881; baseline 0.001 -26"><span class='ocrx_word' id='word_1_144' title='bbox 918 3780 1143 3866; x_wconf 85' lang='lat' dir='ltr'>Quod</span> <span class='ocrx_word' id='word_1_145' title='bbox 1180 3781 1338 3855; x_wconf 88' lang='lat' dir='ltr'>fieri</span> <span class='ocrx_word' id='word_1_146' title='bbox 1372 3779 1573 3855; x_wconf 90' lang='lat' dir='ltr'>ferro</span> <span class='ocrx_word' id='word_1_147' title='bbox 1606 3781 1981 3880; x_wconf 88' lang='lat' dir='ltr'>liquidove</span> <span class='ocrx_word' id='word_1_148' title='bbox 2016 3795 2259 3881; x_wconf 90' lang='lat' dir='ltr'>potest</span> <span class='ocrx_word' id='word_1_149' title='bbox 2295 3783 2595 3875; x_wconf 88' lang='lat' dir='ltr'>electro,</span> 
     </span>
    </p>

    <p class='ocr_par' dir='ltr' id='par_1_21' title="bbox 918 3919 3091 4024">
     <span class='ocr_line' id='line_1_22' title="bbox 918 3919 3091 4024; baseline 0.002 -33"><span class='ocrx_word' id='word_1_150' title='bbox 918 3919 1311 4005; x_wconf 85' lang='lat' dir='ltr'>Quantum</span> <span class='ocrx_word' id='word_1_151' title='bbox 1348 3919 1562 4018; x_wconf 83' lang='lat' dir='ltr'>ignes</span> <span class='ocrx_word' id='word_1_152' title='bbox 1609 3920 2020 4019; x_wconf 83' lang='lat' dir='ltr'>animaeque</span> <span class='ocrx_word' id='word_1_153' title='bbox 2054 3921 2349 4012; x_wconf 83' lang='lat' dir='ltr'>valent3</span> <span class='ocrx_word' id='word_1_154' title='bbox 2409 3922 2680 3997; x_wconf 86' lang='lat' dir='ltr'>absiste</span> <span class='ocrx_word' id='word_1_155' title='bbox 2713 3922 3091 4024; x_wconf 89' lang='lat' dir='ltr'>precando</span> 
     </span>
    </p>

    <p class='ocr_par' dir='ltr' id='par_1_22' title="bbox 915 4056 2729 4153">
     <span class='ocr_line' id='line_1_23' title="bbox 915 4056 2729 4153; baseline 0.003 -23"><span class='ocrx_word' id='word_1_156' title='bbox 915 4056 1221 4130; x_wconf 90' lang='lat' dir='ltr'>Viribus</span> <span class='ocrx_word' id='word_1_157' title='bbox 1261 4056 1690 4131; x_wconf 89' lang='lat' dir='ltr'>indubitare</span> <span class='ocrx_word' id='word_1_158' title='bbox 1725 4057 1894 4132; x_wconf 88' lang='lat' dir='ltr'>tuis.</span> <span class='ocrx_word' id='word_1_159' title='bbox 2007 4057 2120 4132; x_wconf 86' lang='lat' dir='ltr'>Ea</span> <span class='ocrx_word' id='word_1_160' title='bbox 2151 4060 2381 4134; x_wconf 87' lang='lat' dir='ltr'>verba</span> <span class='ocrx_word' id='word_1_161' title='bbox 2412 4061 2729 4153; x_wconf 77' lang='lat' dir='ltr'>locutu8‚</span> 
     </span>
    </p>

    <p class='ocr_par' dir='ltr' id='par_1_23' title="bbox 920 4193 2802 4298">
     <span class='ocr_line' id='line_1_24' title="bbox 920 4193 2802 4298; baseline 0.003 -30"><span class='ocrx_word' id='word_1_162' title='bbox 920 4193 1237 4294; x_wconf 90' lang='lat' dir='ltr'>Optatos</span> <span class='ocrx_word' id='word_1_163' title='bbox 1273 4194 1483 4270; x_wconf 90' lang='lat' dir='ltr'>dedit</span> <span class='ocrx_word' id='word_1_164' title='bbox 1521 4198 1929 4294; x_wconf 74' lang='lat' dir='ltr'>amplexae,</span> <span class='ocrx_word' id='word_1_165' title='bbox 1975 4196 2500 4297; x_wconf 88' lang='lat' dir='ltr'>placidumque</span> <span class='ocrx_word' id='word_1_166' title='bbox 2534 4198 2802 4298; x_wconf 89' lang='lat' dir='ltr'>petivit</span> 
     </span>
    </p>

    <p class='ocr_par' dir='ltr' id='par_1_24' title="bbox 920 4331 3038 4573">
     <span class='ocr_line' id='line_1_25' title="bbox 920 4331 2860 4436; baseline 0.002 -28"><span class='ocrx_word' id='word_1_167' title='bbox 920 4331 1285 4434; x_wconf 86' lang='lat' dir='ltr'>Conjugis</span> <span class='ocrx_word' id='word_1_168' title='bbox 1320 4333 1609 4410; x_wconf 86' lang='lat' dir='ltr'>infusus</span> <span class='ocrx_word' id='word_1_169' title='bbox 1643 4336 1933 4435; x_wconf 85' lang='lat' dir='ltr'>gremio</span> <span class='ocrx_word' id='word_1_170' title='bbox 1967 4361 2100 4434; x_wconf 90' lang='lat' dir='ltr'>per</span> <span class='ocrx_word' id='word_1_171' title='bbox 2131 4337 2466 4410; x_wconf 87' lang='lat' dir='ltr'>membra</span> <span class='ocrx_word' id='word_1_172' title='bbox 2497 4361 2860 4436; x_wconf 90' lang='lat' dir='ltr'>soporem.</span> 
     </span>
     <span class='ocr_line' id='line_1_26' title="bbox 1064 4472 3038 4573; baseline 0.002 -26"><span class='ocrx_word' id='word_1_173' title='bbox 1064 4473 1255 4548; x_wconf 91' lang='lat' dir='ltr'>Inde</span> <span class='ocrx_word' id='word_1_174' title='bbox 1290 4473 1417 4548; x_wconf 91' lang='lat' dir='ltr'>ubi</span> <span class='ocrx_word' id='word_1_175' title='bbox 1454 4474 1697 4573; x_wconf 89' lang='lat' dir='ltr'>prima</span> <span class='ocrx_word' id='word_1_176' title='bbox 1728 4474 1958 4571; x_wconf 77' lang='lat' dir='ltr'>quie3‚</span> <span class='ocrx_word' id='word_1_177' title='bbox 2003 4473 2252 4549; x_wconf 90' lang='lat' dir='ltr'>medio</span> <span class='ocrx_word' id='word_1_178' title='bbox 2273 4472 2432 4573; x_wconf 87' lang='lat' dir='ltr'>jam</span> <span class='ocrx_word' id='word_1_179' title='bbox 2468 4477 2714 4550; x_wconf 88' lang='lat' dir='ltr'>noctis</span> <span class='ocrx_word' id='word_1_180' title='bbox 2750 4475 3038 4550; x_wconf 64' lang='lat' dir='ltr'>abactae</span> 
     </span>
    </p>

    <p class='ocr_par' dir='ltr' id='par_1_25' title="bbox 919 4609 3124 4716">
     <span class='ocr_line' id='line_1_27' title="bbox 919 4609 3124 4716; baseline 0.002 -31"><span class='ocrx_word' id='word_1_181' title='bbox 919 4609 1334 4706; x_wconf 89' lang='lat' dir='ltr'>Curricu10,</span> <span class='ocrx_word' id='word_1_182' title='bbox 1370 4613 1763 4713; x_wconf 87' lang='lat' dir='ltr'>expulerat</span> <span class='ocrx_word' id='word_1_183' title='bbox 1790 4639 2173 4706; x_wconf 91' lang='lat' dir='ltr'>somnum;</span> <span class='ocrx_word' id='word_1_184' title='bbox 2216 4639 2446 4713; x_wconf 89' lang='lat' dir='ltr'>quum</span> <span class='ocrx_word' id='word_1_185' title='bbox 2470 4613 2758 4690; x_wconf 85' lang='lat' dir='ltr'>femina</span> <span class='ocrx_word' id='word_1_186' title='bbox 2783 4614 3124 4716; x_wconf 89' lang='lat' dir='ltr'>primum,</span> 
     </span>
    </p>
   </div>
  </div>
 </body>
</html>
