3792 6234
930 988 1029 1063 98
1796 973 1891 1048 AE
1912 972 1992 1047 N
2015 973 2082 1048 E
2105 973 2142 1048 1
2165 973 2234 1048 S.
2821 997 2889 1047 v,
2927 973 3095 1050 644.

930 1173 1030 1249 Et
1064 1173 1508 1248 meministis
1542 1171 1767 1264 enim,
1814 1171 2024 1264 divae,
2073 1184 2150 1246 et
2185 1193 2600 1245 memorare
2635 1171 2984 1270 potestis:

931 1311 1051 1386 Ad
1087 1337 1223 1386 nos
1256 1311 1387 1386 vix
1422 1311 1671 1386 tenuis
1702 1311 1924 1385 famae
1957 1309 2371 1408 perlabitur
2404 1333 2606 1383 aura.

1076 1449 1367 1524 Primus
1403 1449 1547 1525 init
1580 1449 1863 1524 bellum
1890 1448 2302 1547 Tyrrhenis
2339 1471 2554 1546 asper
2587 1445 2682 1520 ab
2717 1447 2864 1520 oris

932 1587 1431 1685 Contemptor
1465 1587 1722 1662 divum
1759 1586 2210 1678 Mezentius,
2257 1586 2709 1686 agminaque
2745 1598 3008 1661 armat.

930 1715 1155 1798 Filius
1192 1723 1370 1798 huic
1400 1723 1631 1822 juxta
1666 1723 1972 1817 Lausus,
2018 1749 2167 1823 quo
2203 1724 2588 1823 pulchrior
2621 1724 2815 1797 alter

930 1865 1112 1938 Non
1146 1863 1315 1956 fuit,
1362 1874 1689 1963 excepto
1724 1863 2122 1938 Laurentis
2159 1887 2470 1962 corpore
2506 1861 2768 1936 Turni.

930 2001 1235 2095 Lausu3‚
1282 2003 1559 2100 equfim
1595 2001 1940 2094 domitor,
1985 2002 2548 2099 debellatorque
2581 2000 2936 2091 ferarum,

930 2139 1172 2214 Ducit
1203 2139 1563 2240 Agyllina
1596 2139 2104 2239 nequidquam
2142 2165 2238 2214 ex
2275 2140 2460 2214 urbe
2503 2151 2800 2214 secutos

930 2277 1147 2358 Mille
1182 2277 1414 2369 viros3
1470 2277 1748 2377 dignus
1786 2279 2048 2377 patriis
2085 2277 2214 2376 qui
2247 2277 2485 2352 laetior
2520 2289 2713 2352 esset

931 2415 1293 2514 Imperiis,
1342 2427 1421 2490 et
1454 2415 1579 2490 cui
1611 2427 1827 2516 pater
1859 2416 2064 2491 haud
2100 2416 2524 2490 Mezentius
2563 2427 2775 2491 esset.

1077 2553 1254 2628 Post
1286 2555 1421 2626 hos
1454 2553 1833 2653 insignem
1868 2555 2118 2652 palma
2148 2577 2286 2652 per
2320 2553 2669 2654 gramina
2703 2578 3009 2629 currum

930 2690 1423 2788 Victoresque
1460 2702 1792 2765 ostentat
1826 2716 2052 2789 equos
2089 2705 2293 2766 satus
2331 2692 2664 2768 Hercule
2700 2694 3020 2791 pulchro

929 2827 1254 2902 Pulcher
1284 2829 1749 2920 Aventinus3
1808 2830 2243 2930 clypeoque,
2291 2830 2590 2930 insigne
2625 2842 3048 2929 paternum,

932 2965 1266 3041 Centum
1312 2991 1621 3066 angues,
1674 2966 2157 3067 cinctamque
2205 2969 2404 3068 gerit
2449 2970 2922 3069 serpentibus
2971 2971 3108 3068 hy-

1036 3104 1326 3197 ⁴dram:
1710 3195 1728 3204 -

930 3241 1160 3316 Collis
1193 3242 1557 3318 Aventini
1592 3246 1803 3343 sylva
1833 3270 2058 3343 quem
2097 3245 2308 3320 Rhea
2343 3246 2688 3321 sacerdos

930 3382 1317 3458 Furtivum
1353 3397 1571 3482 partu
1605 3384 1742 3458 sub
1778 3385 2084 3458 luminis
2120 3385 2358 3459 edidit
2393 3410 2579 3478 oras,

930 3520 1185 3596 Mixta
1218 3520 1363 3595 deo
1394 3522 1684 3613 mulier,
1732 3535 2128 3621 postquam
2165 3522 2575 3598 Laurentia
2606 3523 2876 3618 victor,

928 3659 1287 3757 Geryone
1321 3662 1722 3753 exstinctO,
1760 3661 2201 3759 Tirynthius
2237 3662 2496 3761 attigit
2530 3687 2730 3755 arva,

924 3796 1464 3895 Tyrrhenoque
1498 3797 1724 3872 boves
1761 3799 1839 3873 in
1876 3799 2186 3874 flumine
2221 3801 2406 3874 lavit
2441 3797 2718 3874 Iberas.

929 3933 1090 4008 Pila
1123 3959 1355 4009 manu
1388 3959 1761 4034 saevosque
1796 3949 2077 4036 gerunt
2111 3938 2188 4011 in
2227 3936 2426 4011 bella
2459 3938 2810 4029 dolones;

924 4071 1024 4146 Et
1058 4071 1281 4146 tereti
1313 4085 1663 4172 pugnant
1696 4099 2080 4167 mucrone,
2129 4099 2458 4174 veruque
2493 4077 2803 4151 Sabello.

929 4209 1099 4308 Ipse
1133 4209 1379 4308 pedeS,
1424 4223 1786 4311 tegumen
1823 4226 2179 4312 torquens
2214 4213 2542 4288 immane
2577 4214 2837 4307 leonis,

926 4344 1269 4421 Terribili
1308 4349 1691 4447 impexum
1726 4364 1922 4444 saeta,
1971 4377 2144 4426 cum
2179 4352 2534 4427 dentibus
2569 4352 2776 4446 albis,

929 4485 1250 4560 Indutus
1290 4487 1553 4585 capiti:
1611 4489 1719 4562 sic
1752 4489 1963 4589 regia
1996 4500 2204 4564 tecta
2237 4489 2538 4564 subibat

932 4623 1318 4717 Horridus,
1366 4625 1893 4726 Herculeoque
1927 4629 2274 4704 humeros
2311 4628 2635 4704 innexus
2673 4628 2977 4706 amictu.
