3792 6234
684 1041 753 1089 v.
791 1015 959 1090 613.
1416 1012 1803 1090 LIBER
1901 1015 2123 1090 VIII.
2717 1025 2850 1101 129

683 1212 841 1284 Aut
876 1235 1123 1284 acrem
1158 1210 1453 1285 dubites
1490 1211 1567 1285 in
1603 1211 1859 1310 proelia
1890 1236 2194 1310 poscere
2223 1212 2582 1286 Turnum.

681 1349 923 1442 Dixit,
973 1362 1048 1423 et
1086 1349 1471 1448 amplexus
1506 1350 1667 1423 nati
1704 1350 2420 1448 Cythereaqpetivit:

682 1487 914 1561 Arma
944 1487 1083 1560 sub
1116 1486 1425 1560 adversa
1457 1489 1703 1586 posuit
1744 1487 2114 1562 radiantia
2147 1513 2449 1586 quercu.

682 1624 819 1698 Ille
855 1626 1013 1700 deae
1046 1625 1263 1699 donis
1298 1615 1383 1700 et'
1410 1637 1626 1700 tanto
1659 1628 1868 1700 laetus
1905 1626 2188 1700 honore

678 1763 985 1862 Expleri
1020 1764 1305 1862 nequit,
1354 1776 1577 1862 atque
1612 1765 1865 1837 oculos
1903 1788 2036 1862 per
2069 1763 2368 1863 singula
2400 1764 2631 1840 volvit
2648 1792 2669 1857 ;

678 1900 1170 2000 Miraturque,
1218 1903 1563 2001 interque
1598 1925 1863 1975 manus
1898 1916 1976 1975 et
2011 1901 2318 1976 brachia
2351 1916 2596 1977 versat

673 2039 1114 2112 Terribilem
1151 2039 1391 2113 cristis
1425 2041 1717 2138 galeam
1762 2039 2242 2137 flammasque
2275 2051 2703 2114 vomentem
2722 2069 2741 2130 3

674 2175 1227 2275 Fatiferumque
1264 2201 1517 2250 ensem
1538 2204 1557 2266 ;
1614 2176 1921 2250 loricam
1960 2201 2054 2250 ex
2091 2201 2232 2250 aere
2267 2177 2662 2275 rigentem,

673 2313 1197 2414 Sanguineam,
1246 2314 1657 2412 ingentem,
1704 2314 1941 2411 qualis
1977 2340 2208 2412 quum
2245 2315 2514 2388 caerula
2549 2315 2785 2390 nubes

677 2452 857 2526 Solis
895 2451 1302 2526 inardescit
1336 2451 1561 2525 radiis
1597 2453 1972 2551 longeque
2007 2451 2370 2552 refulget3

668 2591 736 2664 T
738 2616 864 2663 um
900 2591 1098 2664 leves
1135 2614 1391 2664 ocreas
1428 2590 1707 2663 electro
1744 2614 2071 2688 auroque
2107 2604 2429 2683 recocto,

674 2729 1157 2826 Hastamque,
1204 2739 1281 2801 et
1318 2728 1561 2825 clypei
1595 2751 1750 2802 non
1790 2728 2204 2802 enarrabile
2237 2742 2556 2804 textum.

672 2865 839 2939 Illic
874 2890 991 2939 res
1031 2865 1279 2955 Italas,
1327 2864 1982 2962 Romanorumque
2014 2865 2450 2964 triumphos»,

671 3003 895 3078 Haud
933 3013 1191 3077 vatum
1230 3002 1555 3101 ignarus,
1602 3003 2048 3101 venturique
2085 3003 2362 3078 inscius
2397 3005 2552 3097 aevi,

670 3141 979 3216 Fecerat
1015 3140 1480 3242 ignipotens;
1538 3139 1695 3215 illic
1731 3165 1970 3240 genus
2005 3167 2228 3215 omne
2263 3141 2533 3216 futurae

669 3280 925 3379 Stirpis
964 3280 1054 3353 ab
1091 3279 1438 3371 Ascanio,
1485 3292 1968 3378 pugnataque
2006 3280 2084 3353 in
2122 3280 2384 3354 ordine
2418 3281 2632 3354 bella.

668 3417 978 3493 Fecerat
1015 3429 1091 3491 et
1126 3417 1343 3491 viridi
1384 3416 1620 3494 fetam
1659 3417 2024 3490 Mavortis
2063 3418 2139 3491 in
2179 3431 2398 3491 antro

668 3556 1153 3648 Procubuisse
1188 3557 1478 3654 lupam3
1537 3555 1877 3656 geminos
1913 3556 2090 3630 huic
2125 3555 2358 3630 ubera
2393 3557 2676 3632 circum

669 3696 961 3770 Ludere
996 3694 1411 3794 pendentes
1448 3719 1734 3793 pueros,
1782 3707 1859 3768 et
1894 3694 2222 3769 lambere
2256 3707 2572 3770 matrem

666 3833 1089 3933 Impavidos
1107 3861 1126 3924 3
1186 3833 1390 3907 illam
1424 3832 1648 3907 tereti
1684 3832 1976 3906 cervice
2011 3834 2368 3907 reflexam

667 3972 1009 4046 Mulcere
1045 3972 1389 4063 alternos,
1439 3982 1517 4045 et
1552 3994 1865 4069 corpora
1896 3971 2182 4069 fingere
2217 3971 2499 4072 lingua.

666 4111 835 4184 Nec
866 4110 1127 4207 procul
1154 4109 1333 4182 hinc
1359 4108 1695 4200 Romam,
1732 4119 1809 4182 et
1836 4119 2085 4206 raptas
2115 4109 2275 4182 sine
2299 4135 2506 4184 more
2529 4111 2836 4188 Sabinas

667 4211 1037 4322 Consessu
1075 4271 1336 4337 caveae,
1382 4246 1675 4344 magnis
1710 4243 2187 4319 Circensibus
2223 4248 2428 4340 actiS,

617 4462 623 4467 ,
663 4384 1077 4459 Addiderat
1097 4413 1115 4475 ;
1174 4383 1565 4480 subitoque
1602 4408 1881 4457 novum
1921 4407 2371 4483 consurgere
2407 4385 2683 4464 bellum

666 4522 1095 4613 Romulidis,
1134 4521 1499 4628 Tatioque
1534 4520 1693 4594 seni
1730 4519 2199 4619 Curibusque
2233 4523 2525 4596 severis.

668 4661 840 4736 Post
872 4659 1091 4753 idem,
1136 4659 1337 4733 inter
1368 4683 1446 4732 se
1480 4659 1721 4756 posito
1755 4657 2187 4751 certamine,
2233 4684 2446 4759 reges

822 4807 850 4846 2
2323 4801 2357 4848 s
