3792 6234
817 952 950 1026 164
1662 951 1754 1025 AE
1780 948 1860 1025 N
1882 949 1947 1025 E
1973 951 2009 1024 Ι
2034 949 2100 1025 S.
2687 955 2958 1057 v.j742.

807 1148 1165 1224 Dixerat:
1224 1148 1346 1221 ille
1381 1147 1643 1223 rudem
1678 1148 1894 1223 nodis
1933 1160 2011 1223 et
2046 1147 2325 1222 cortice
2363 1146 2596 1221 crudo

806 1287 1202 1386 Intorquet
1237 1287 1539 1361 summis
1576 1287 1901 1361 adnixus
1935 1284 2216 1362 viribus
2255 1286 2567 1359 hastam.

804 1425 1191 1524 Excepere
1229 1450 1425 1499 aurae
1460 1426 1731 1499 vulnus
1750 1453 1769 1516 ;
1828 1424 2180 1499 Saturnia
2210 1424 2258 1498 J
2263 1448 2418 1498 uno

806 1562 1143 1638 Detorsit
1177 1563 1483 1638 veniens
1502 1591 1521 1654 3
1580 1575 1958 1662 portaeque
1993 1561 2333 1662 infigitur
2365 1563 2599 1636 hasta.

804 1701 909 1774 At
944 1726 1097 1774 non
1134 1701 1277 1775 hoc
1312 1702 1568 1794 telum,
1615 1697 1784 1776 mea
1816 1700 2016 1799 quod
2053 1700 2126 1774 vi
2164 1701 2480 1775 dextera
2509 1712 2777 1792 versat,

803 1836 1138 1937 Effugies
1156 1866 1175 1928 ;
1235 1863 1478 1936 neque
1513 1839 1716 1913 enim
1750 1837 1811 1911 is
1845 1837 1979 1912 teli
2014 1862 2160 1913 nec
2195 1838 2523 1912 vulneris
2560 1843 2840 1911 auctor.

804 1976 923 2051 Sic
959 1977 1085 2067 ait,
1133 1989 1210 2050 et
1244 1974 1618 2051 sublatum
1656 1976 1807 2051 alte
1844 1975 2235 2074 consurgit
2268 1976 2348 2050 in
2384 1999 2662 2066 ensem,

804 2112 904 2188 Et
936 2112 1260 2188 mediam
1295 2112 1494 2188 ferro
1529 2113 1834 2213 gemina
1868 2113 2069 2187 inter
2101 2124 2442 2211 tempora
2472 2111 2798 2186 frontem

804 2250 1101 2326 Dividit
1134 2228 1616 2350 impubesque
1653 2249 1964 2325 immani
1998 2250 2310 2324 vulnere
2343 2250 2599 2324 malas.

805 2388 924 2463 Fit
957 2412 1179 2462 sonus
1198 2417 1218 2479 3
1278 2388 1574 2486 ingenti
1610 2412 1975 2462 concussa
2010 2400 2122 2462 est
2155 2387 2489 2486 pondere
2522 2387 2782 2461 tellus:

808 2524 1188 2625 Collapsos
1225 2538 1427 2600 artus
1463 2536 1688 2623 atque
1730 2550 1938 2599 arma
1972 2537 2290 2599 cruenta
2323 2523 2632 2599 cerebro

805 2663 1086 2737 Sternit
1118 2663 1327 2736 humi
1361 2663 1683 2736 moriens
1703 2691 1722 2753 3
1784 2674 2007 2761 atque
2043 2663 2151 2736 illi
2185 2660 2520 2761 partibus
2557 2660 2781 2760 aequis
2912 2682 2918 2687 ’

810 2802 984 2875 Huc
1022 2813 1250 2900 caput
1285 2812 1508 2899 atque
1545 2800 1722 2875 illuc
1756 2802 2070 2875 humero
2105 2826 2202 2874 ex
2240 2811 2556 2897 utroque
2585 2799 2963 2898 pependit.

957 2938 1395 3038 Diffugiunt
1430 2938 1621 3012 versi
1657 2938 1951 3037 trepida
1979 2937 2382 3012 formidine
2417 2939 2682 3012 Troes:

807 3075 926 3169 Et,
974 3075 1033 3149 si
1072 3077 1435 3151 continuo
1470 3075 1832 3150 victorem
1870 3100 1961 3149 ea
1995 3100 2178 3150 cura
2211 3074 2530 3150 subisset

808 3214 1182 3314 Rumpere
1221 3215 1546 3288 claustra
1579 3239 1829 3306 manu,
1870 3214 2254 3313 sociosque
2284 3214 2688 3289 immittere
2717 3213 2968 3313 portis,

807 3351 1135 3428 Ultimus
1171 3351 1298 3425 ille
1332 3352 1488 3426 dies
1523 3351 1719 3426 bello
1754 3352 2116 3452 gentique
2149 3349 2452 3443 fuisset3

808 3490 950 3563 Sed
984 3489 1194 3564 furor
1235 3489 1623 3565 ardentem
1660 3489 2024 3587 caedisque
2060 3489 2326 3564 insana
2359 3488 2633 3587 cupido

807 3627 988 3726 Egit
1025 3627 1102 3701 in
1143 3627 1506 3702 adversos,

809 3762 1186 3863 Principio
1221 3763 1591 3839 Phalerim
1628 3777 1705 3839 et
1738 3765 2029 3840 succiso
2063 3765 2342 3865 poplite
2376 3767 2657 3866 Gygen

807 3900 1151 3999 Excipit3
1209 3901 1390 3974 hinc
1422 3913 1668 4001 raptas
1702 3901 2169 4003 fugientibus
2204 3903 2483 4003 ingerit
2516 3905 2765 3977 hastas

810 4037 904 4111 In
942 4050 1276 4139 tergum:
1332 4038 1380 4113 J
1387 4065 1537 4114 uno
1570 4039 1763 4115 vires
1808 4041 2291 4140 animumque
2324 4041 2723 4116 ministrat.

809 4175 1045 4251 Addit
1082 4177 1356 4276 Halym
1393 4179 1767 4271 comitem,
1815 4189 1893 4253 et
1930 4180 2229 4252 confixa
2263 4178 2566 4279 Phegea
2597 4203 2892 4278 parma;

813 4315 1126 4415 Ignaros
1161 4315 1434 4390 deinde
1471 4315 1550 4391 in
1587 4315 1837 4408 muriS,
1882 4330 2349 4415 martemque
2388 4317 2692 4410 cienteS,

812 4453 1442 4552 Alcandrumque,
1471 4452 1945 4552 Haliumque,
1975 4454 2541 4554 Noemonaque,
2567 4455 2988 4555 Prytanim-

961 4617 1143 4689 que:
