3792 6234
876 854 1012 925 154
1732 846 2168 929 AENEIS.
2755 870 2824 919 v,
2863 851 3045 921 484.

866 1046 1077 1120 Heu!
1134 1058 1335 1119 terra
1371 1047 1655 1147 ignota,
1704 1045 2015 1120 canibus
2053 1044 2230 1119 date
2265 1043 2514 1143 praeda
2547 1042 2836 1117 Latinis

861 1183 1353 1282 Alitibusque,
1405 1182 1653 1283 jaces!
1712 1208 1857 1259 nec
1891 1195 1992 1275 te,
2038 1196 2174 1256 tua
2205 1180 2496 1274 funera,
2543 1193 2790 1255 mater

863 1321 1217 1415 Produxi,
1264 1322 1587 1421 pressive
1624 1322 1900 1413 oculoS,
1949 1334 2081 1395 aut
2115 1323 2432 1395 vulnera
2465 1320 2638 1409 lavi,

860 1462 1093 1536 Veste
1129 1472 1417 1560 tegenS,
1468 1459 1603 1534 tibi
1642 1484 1865 1557 quam
1901 1466 2165 1533 no'ctes
2198 1457 2478 1532 festina
2510 1457 2821 1555 diesque

861 1598 1269 1699 Urgebam,
1317 1612 1395 1673 et
1428 1600 1583 1672 tela
1616 1622 1832 1673 curas
1867 1596 2162 1671 solabar
2195 1595 2468 1670 aniles!

862 1737 1039 1824 Quo
1074 1736 1384 1835 sequar?
1420 1747 1553 1810 aut
1580 1760 1742 1835 quae
1775 1759 1984 1809 nunc
2021 1747 2247 1826 artuS,
2283 1733 2687 1832 avulsaque
2722 1730 3092 1825 membra,

858 1876 961 1951 Et
994 1874 1223 1949 funus
1260 1874 1613 1965 lacerum,
1662 1872 1881 1947 tellus
1917 1871 2193 1947 habet?
2264 1872 2433 1945 Hoc
2470 1860 2655 1946 mihi
2686 1871 2782 1946 de
2817 1882 2920 1964 te,

858 2014 1088 2105 Nate,
1137 2009 1411 2086 refers?
1462 2012 1608 2085 hoc
1642 2036 1804 2101 sum
1843 2021 2191 2107 terraque
2231 2009 2567 2107 marique
2603 2009 2907 2083 secuta?

856 2152 1101 2253 Figite
1134 2176 1275 2243 me,
1324 2150 1385 2223 si
1420 2176 1567 2249 qua
1600 2162 1714 2223 est
1746 2149 1982 2248 pietas
2001 2177 2021 2239 ;
2081 2148 2160 2222 in
2199 2174 2318 2222 me
2355 2147 2612 2222 omnia
2647 2150 2800 2222 tela

862 2287 1260 2387 Conjicite,
1307 2311 1354 2361 o
1389 2287 1651 2361 Rutuli
1668 2315 1689 2377 ;
1748 2312 1869 2361 me
1906 2286 2220 2385 primam
2257 2286 2624 2360 absumite
2659 2286 2878 2361 ferro.

857 2428 1019 2501 Aut
1054 2438 1161 2539 tu,
1207 2450 1484 2525 magne
1518 2436 1735 2523 pater
1768 2424 2044 2517 divum,
2093 2426 2464 2517 miserere,
2511 2436 2792 2523 tuoque

861 2563 1199 2639 Invisum
1232 2564 1377 2636 hoc
1412 2561 1732 2635 detrude
1770 2574 1997 2661 caput
2033 2562 2170 2636 sub
2209 2574 2492 2635 tartara
2525 2563 2697 2654 te10,

860 2700 1191 2789 Quando
1228 2699 1446 2773 aliter
1480 2723 1774 2796 nequeo
1810 2699 2194 2774 crudelem
2229 2700 2670 2800 abrumpere
2709 2700 2963 2775 vitam.

1008 2838 1179 2912 Hoc
1212 2838 1395 2911 fletu
1434 2836 1777 2910 concussi
1816 2836 2068 2929 animi,
2114 2852 2558 2936 maestusque
2594 2863 2728 2938 per
2758 2863 3028 2915 omnes

858 2978 933 3052 It
966 2974 1329 3076 gemitus:
1388 2985 1693 3073 torpent
1729 2973 2070 3049 infractae
2106 2975 2200 3048 ad
2237 2976 2494 3075 proelia
2526 2975 2741 3050 vires,

858 3114 1077 3190 Illam
1114 3113 1653 3187 incendentem
1690 3113 1938 3186 luctus
1977 3112 2217 3187 Idaeus
2253 3126 2331 3188 et
2365 3114 2623 3205 Actor,

856 3250 1128 3325 Ilionei
1162 3250 1477 3339 monitu,
1525 3262 1603 3322 et
1639 3250 1962 3323 multum
1999 3251 2480 3348 lacrymantis
2518 3250 2688 3343 Iuli,

859 3387 1317 3486 Corripiunt,
1364 3388 1709 3484 interque
1746 3412 2011 3459 manus
2047 3388 2184 3460 sub
2221 3399 2430 3461 tecta
2461 3404 2865 3487 reponunt.

1002 3524 1109 3597 At
1143 3523 1330 3597 tuba
1362 3522 1770 3598 terribilem
1808 3522 2137 3597 sonitum
2175 3527 2436 3623 procul
2473 3552 2614 3601 aere
2651 3551 2934 3601 canoro

855 3661 1283 3759 Increpuit:
1340 3659 1679 3759 sequitur
1713 3662 2014 3753 clamor,
2065 3664 2480 3761 coelumque
2518 3666 2869 3765 remugit.

852 3798 1327 3887 Accelerant‚
1375 3811 1547 3873 acta
1583 3800 1861 3897 pariter
1898 3801 2303 3892 testudine,
2344 3803 2622 3895 Volsci,

853 3934 956 4008 Et
988 3932 1215 4007 fossas
1253 3936 1559 4034 implere
1593 3950 1885 4033 parant,
1935 3963 2024 4010 ac
2058 3939 2335 4012 vellere
2369 3941 2671 4013 vallum.

854 4071 1224 4155 Quaerunt
1260 4097 1423 4169 pars
1461 4072 1769 4164 aditum,
1820 4086 1897 4148 et
1933 4076 2150 4149 scalis
2191 4076 2600 4152 ascendere
2636 4104 2907 4172 muros,

855 4207 1033 4291 Qua
1063 4231 1230 4280 rara
1264 4222 1377 4282 est
1411 4210 1629 4301 acieS,
1680 4210 2231 4310 interlucetque
2269 4238 2552 4289 corona

856 4342 1039 4415 Non
1076 4355 1231 4417 tam
1267 4344 1495 4442 spissa
1529 4345 1723 4419 viris.
1816 4348 2172 4423 Telorum
2208 4350 2606 4427 effundere
2642 4369 2912 4431 contra

855 4478 1102 4552 Omne
1139 4506 1376 4579 genus
1404 4483 1701 4574 Teucri,
1748 4508 1837 4556 ac
1872 4484 2078 4559 duris
2114 4487 2518 4564 detrudere
2555 4492 2823 4585 contis,
