3792 6234
762 988 829 1038 v.
866 968 1035 1037 410.
1518 965 1907 1042 LIBER
2005 967 2181 1044 VII.
2837 981 2930 1058 89

760 1159 1130 1260 Praecipiti
1166 1160 1417 1236 delata
1448 1173 1671 1238 noto:
1726 1165 1934 1240 locus
1968 1165 2222 1240 Ardea
2255 1166 2634 1263 quondam

760 1297 1033 1373 Dictus
1069 1299 1244 1392 avis,
1286 1312 1363 1375 et
1398 1326 1606 1376 nunc
1640 1327 2001 1401 magnum
2037 1316 2296 1378 manet
2320 1304 2574 1379 Ardea
2606 1328 2922 1382 nomen:

760 1435 903 1510 Sed
936 1435 1245 1511 fortuna
1276 1437 1441 1512 fuit.
1534 1437 1785 1514 Tectis
1823 1441 1945 1514 hic
1977 1440 2275 1514 Turnus
2311 1443 2390 1516 in
2429 1441 2598 1516 altis

704 1547 725 1570 ⁰
756 1572 805 1647 J
810 1599 931 1648 am
966 1573 1289 1648 mediam
1324 1573 1545 1674 nigra
1576 1575 1932 1676 carpebat
1965 1591 2193 1652 nocte
2227 1578 2578 1676 quietem.

756 1711 1055 1786 Allecto
1086 1725 1379 1788 torvam
1412 1711 1685 1788 faciem
1722 1725 1801 1789 et
1830 1713 2132 1789 furialia
2161 1715 2498 1790 membra

754 1848 1027 1923 Exuit:
1086 1850 1164 1925 in
1199 1852 1451 1926 vultus
1485 1875 1645 1926 sese
1676 1851 2162 1928 transibnnat
2195 1853 2449 1945 aniles,

716 1986 853 2080 ,Et
886 1986 1213 2063 frontem
1250 1988 1667 2064 obscaenam
1702 1988 1910 2090 mgis
1945 2003 2145 2064 arat:
2203 1990 2453 2066 induit
2485 1991 2690 2066 albos

754 2125 950 2200 Cum
984 2125 1179 2201 vitta
1214 2127 1496 2203 crines:
1552 2139 1716 2203 tum
1750 2152 2042 2202 ramum
2075 2127 2401 2204 innectit
2437 2129 2668 2204 olivae.

749 2263 867 2337 Fit
905 2263 1211 2364 Calybe,
1254 2264 1303 2339 J
1308 2264 1579 2340 unonis
1614 2289 1801 2339 anus
1836 2265 2246 2366 templique
2279 2266 2662 2341 sacerdos:

748 2400 851 2474 Et
870 2399 1137 2499 juveni
1172 2412 1349 2476 ante
1386 2403 1641 2476 oculos
1676 2402 1790 2476 his
1826 2426 1907 2476 se
1941 2426 2116 2476 cum
2151 2402 2460 2476 vocibus
2493 2403 2750 2478 offert:

893 2539 1170 2632 Turne,
1218 2551 1333 2615 tot
1366 2539 1737 2616 incassum
1771 2537 1976 2614 fusos
2009 2541 2294 2640 patiere
2327 2539 2640 2634 labores,

746 2675 845 2750 Et
878 2688 1013 2750 tua
1045 2677 1451 2752 Dardaniis
1486 2676 1884 2752 transcribi
1918 2689 2214 2776 sceptra
2249 2677 2578 2752 colonis?

748 2813 913 2888 Rex
949 2813 1087 2888 tibi
1122 2812 1561 2915 conjugium
1596 2825 1677 2890 et
1710 2813 2456 2913 quoesitas'sanguine
2489 2813 2702 2890 dotes

742 2953 1117 3053 Abnegat,
1164 2967 1673 3052 externusque
1707 2953 1786 3028 in
1828 2977 2152 3052 regnum
2187 2950 2542 3050 quaeritur
2569 2952 2806 3028 heres.

742 3091 783 3165 1
820 3116 1048 3184 nunc,
1096 3092 1411 3192 ingratis
1446 3091 1635 3166 offer
1666 3103 1767 3183 te,
1812 3089 2043 3182 irrise‚
2089 3089 2424 3189 periclis:

738 3227 1185 3328 Tyrrhenas,
1230 3229 1278 3322 i,
1305 3239 1575 3335 ‘sterne
1610 3226 1809 3302 acies
1826 3253 1847 3317 ;
1907 3239 2083 3327 tege
2117 3249 2306 3325 pace
2343 3225 2670 3300 Latinos.

742 3365 925 3439 Haec
956 3365 1147 3440 adeo
1183 3365 1323 3440 tibi
1358 3390 1501 3459 me,
1546 3364 1845 3465 placida
1877 3389 2108 3463 quum
2146 3377 2372 3438 nocte
2392 3362 2706 3461 jaceres,

743 3502 915 3603 Ipsa
948 3505 1193 3602 palam
1228 3501 1373 3578 fari
1407 3503 1883 3604 omnipotens
1915 3501 2264 3578 Saturnia
2283 3499 2527 3600 jussit.

741 3640 997 3727 Quare
1034 3667 1198 3742 age,
1244 3654 1323 3718 et
1360 3640 1631 3720 armari
1668 3640 1967 3739 pubem,
2011 3639 2390 3738 portisque
2424 3639 2728 3733 moveri,

742 3779 985 3854 Laetus
1016 3779 1095 3854 in
1126 3799 1333 3854 arma
1358 3803 1575 3878 para3
1613 3792 1691 3854 et
1714 3777 2100 3878 Phrygios,
2125 3777 2255 3876 qui
2283 3775 2591 3853 flumine
2616 3779 2930 3878 pulchro

628 4013 633 4018 .
739 3918 1197 4010 Consedere,
1236 3917 1487 4009 duce3‚
1532 3915 1922 4026 pictasque
1955 3939 2189 3990 exure
2226 3914 2540 3990 carinas.

742 4056 1145 4131 Coelestum
1180 4055 1291 4129 vis
1324 4079 1605 4154 magna
1624 4053 1867 4153 jubet.
1979 4052 2145 4128 Rex
2181 4054 2335 4152 ipse
2372 4053 2703 4148 Latinus,

736 4195 847 4270 Ni
883 4194 1061 4270 dare
1100 4192 1559 4293 conjugium,
1604 4204 1684 4268 et
1714 4191 1922 4266 dicto
1955 4213 2214 4290 parere
2246 4189 2552 4284 fatetur,

737 4331 1044 4425 Sentiat,
1092 4344 1170 4407 et
1202 4332 1513 4406 tandem
1543 4332 1883 4407 Turnum
1921 4329 2353 4427 experiatur
2383 4327 2462 4402 in
2501 4330 2742 4404 armis.

884 4472 1029 4546 Hic
1052 4469 1375 4570 juvenis,
1420 4481 1671 4544 vatem
1708 4466 2044 4560 irridens,
2089 4465 2198 4540 sic
2235 4490 2402 4540 orsa
2434 4467 2756 4541 vicissim

736 4609 889 4684 Ore
924 4607 1189 4712 refert:
1234 4609 1529 4685 Classes
1557 4607 1893 4684 invectas
1921 4603 2320 4704 Thybridis
2357 4603 2639 4680 undam

886 4758 915 4794 2
2515 4745 2568 4794 n
