3792 6234
633 985 698 1034 v.
737 967 904 1042 711.
1433 955 1824 1032 LIBER
1926 959 2015 1032 V.
2708 972 2805 1046 29

633 1157 866 1231 Hunc
902 1179 1088 1255 cape
1125 1155 1450 1230 consiliis
1486 1155 1793 1248 socium,
1841 1167 1921 1230 et
1955 1154 2335 1256 conjunge
2370 1147 2773 1233 volentem.

636 1294 841 1368 Huic
876 1295 1092 1368 trade
1127 1295 1410 1370 amissis
1443 1307 1799 1394 superant
1835 1295 1963 1394 qui
1998 1295 2333 1388 navibus),
2384 1309 2460 1371 et
2496 1321 2681 1394 quos

633 1431 1037 1507 Pertaesum
1070 1433 1330 1533 magni
1365 1433 1648 1532 incepti
1681 1458 2080 1531 rerumque
2112 1447 2417 1508 tuarum
2455 1448 2567 1508 est
2585 1463 2606 1525 ;

633 1570 797 1646 Lon
801 1581 1192 1670 gaev'osque
1227 1597 1463 1664 seneS,
1508 1596 1598 1645 ac
1631 1571 1858 1646 fessas
1893 1597 2185 1671 aequore
2218 1585 2516 1664 matra,

631 1709 733 1784 Et
757 1709 1120 1808 quidquid
1149 1723 1403 1784 tecum
1433 1711 1845 1785 invalidum
1875 1725 2369 1808 metuensque
2398 1710 2659 1809 pericli
2690 1721 2823 1804 est,

631 1847 946 1948 Delige:
1005 1859 1082 1922 et
1117 1850 1230 1922 his
1265 1849 1596 1923 habeant
1629 1849 1844 1924 terris
1883 1850 2050 1924 sine
2082 1849 2359 1926 moenia
2390 1847 2587 1924 fessi.

631 1985 919 2062 Urbem
955 1986 1444 2086 appellabunt
1473 1987 1830 2086 permisso
1865 1987 2173 2062 nomine
2206 1989 2581 2062 Acestam.

777 2125 1082 2198 Talibus
1119 2125 1470 2199 incensus
1507 2124 1730 2198 dictis
1764 2125 2074 2200 senioris
2112 2123 2371 2200 amici:

628 2263 824 2336 Tum
859 2263 1156 2337 veroin
1193 2287 1408 2337 curas
1442 2263 1776 2336 animum
1814 2262 2202 2337 diducitur
2236 2288 2513 2338 omnes.

629 2399 730 2474 Et
763 2426 921 2475 nox
957 2413 1121 2474 atra
1156 2400 1411 2500 polum
1449 2399 1641 2500 bigis
1677 2401 2039 2474 subvecta
2071 2401 2417 2476 tenebat:

629 2539 814 2612 Visa
846 2539 1124 2612 dehinc
1160 2541 1346 2612 coelo
1381 2538 1612 2612 facies
1647 2538 1951 2638 delapsa
1983 2539 2314 2639 parentis

627 2677 978 2751 Anchisae
1011 2676 1262 2752 subito
1295 2678 1481 2751 tales
1520 2677 1911 2751 effundere
1946 2703 2206 2752 voces:

629 2815 856 2908 Nate,
905 2815 1089 2889 mihi
1123 2815 1284 2890 vita
1313 2817 1714 2914 quondam,
1759 2815 1941 2890 dum
1978 2817 2135 2891 vita
2165 2815 2539 2910 manebat,

630 2953 824 3028 Care
859 2955 1116 3054 magi3‚
1168 2967 1366 3047 nate,
1416 2954 1664 3028 Iliacis
1703 2952 2039 3029 exercite
2073 2954 2269 3048 fatis,

632 3092 958 3192 Imperio
991 3093 1040 3167 J
1044 3094 1200 3167 ovis
1235 3095 1384 3168 huc
1423 3094 1664 3186 veni0,
1712 3093 1840 3191 qui
1877 3093 2230 3168 classibus
2264 3094 2523 3194 ignem

629 3231 968 3330 Depulit‚
1015 3247 1094 3305 et
1131 3233 1316 3306 coelo
1352 3231 1660 3306 tandem
1696 3231 2087 3306 miseratus
2126 3233 2218 3306 ab
2255 3234 2408 3306 alto
2444 3245 2575 3308 est.

633 3369 984 3444 Consiliis
1020 3395 1194 3469 pare
1230 3396 1393 3468 quae
1431 3395 1642 3443 nunc
1677 3371 2179 3470 pulcherrima
2212 3370 2509 3445 Nautes

628 3509 785 3584 Dat
819 3509 1104 3583 senior:
1162 3511 1394 3582 lectos
1423 3507 1763 3606 juveneS‚
1808 3508 2213 3582 fortissima
2244 3507 2491 3602 corda,

628 3645 866 3721 Defer
903 3647 982 3720 in
1021 3647 1356 3736 Italiam3
1415 3672 1602 3746 gens
1639 3647 1828 3721 dura
1860 3658 2086 3744 atque
2122 3671 2381 3745 aspera
2414 3648 2625 3722 cultu
2692 3723 2697 3726 .

634 3784 1110 3859 Debellanda
1143 3783 1280 3858 tibi
1319 3783 1534 3856 Latio
1571 3796 1702 3858 est.
1813 3783 2017 3857 Ditis
2054 3795 2307 3858 tamen
2346 3795 2523 3859 ante

627 3921 975 3996 Infernas
1011 3921 1288 3996 accede
1323 3921 1580 3995 domos
1599 3951 1618 4013 3
1681 3932 1760 3996 et
1791 3923 2099 3997 Averna
2130 3947 2263 4021 per
2298 3924 2452 3997 alta

630 4059 1098 4160 Congressus
1128 4071 1320 4159 pete,
1355 4072 1558 4152 nate,
1593 4084 1817 4133 meos.
1879 4060 2063 4134 Non
2089 4085 2211 4134 me
2236 4060 2465 4160 impia
2492 4086 2817 4159 namque

622 4199 937 4272 Tartara
971 4198 1274 4290 habent,
1317 4197 1571 4272 tristes
1607 4197 1923 4288 umbrae3
1982 4199 2113 4270 sed
2150 4223 2445 4272 amoena
2478 4197 2769 4296 piorum

631 4335 976 4410 Concilia
1010 4337 1493 4439 Elysiumque
1531 4336 1715 4410 colo,
1830 4336 2007 4410 Huc
2042 4347 2249 4410 casta
2280 4335 2557 4434 Sibylla

634 4473 1047 4575 Nigr-arum
1081 4477 1321 4550 multo
1355 4475 1732 4574 pecudum
1765 4487 1844 4548 te
1877 4475 2247 4575 sanguine
2282 4475 2529 4548 ducet.

621 4613 816 4686 Tum
845 4639 1086 4712 genus
1114 4637 1337 4688 omne
1369 4625 1604 4706 tuum,
1633 4625 1711 4688 et
1733 4637 1894 4710 quae
1924 4611 2204 4687 dentur
2227 4613 2518 4705 moenia,
2545 4610 2805 4687 disces,
