3792 6234
1051 831 1194 898 224
1914 825 2005 898 AE
2031 825 2106 898 N
2136 825 2199 899 E
2225 825 2260 898 1
2285 826 2351 899 S.
3051 848 3125 896 v.
3165 832 3320 897 538.

1047 1022 1306 1094 Pulsus
1342 1022 1438 1094 ob
1476 1020 1832 1096 invidiam
1868 1048 2106 1122 regno
2142 1024 2481 1122 viresque
2515 1023 2985 1124 superbam,

1045 1160 1402 1234 Priverno
1435 1162 1747 1258 antiqua
1782 1162 2135 1237 Metabus
2174 1189 2403 1260 quum
2442 1163 2932 1238 excederet
2976 1160 3202 1250 urbe,

1046 1299 1451 1391 Infantem,
1496 1299 1797 1399 fugiens
1835 1302 2083 1375 media
2121 1302 2319 1376 inter
2352 1304 2618 1402 proelia.
2668 1302 2918 1393 belli,

1043 1438 1356 1512 Sustulit
1389 1439 1651 1512 exsilio
1688 1440 2062 1532 comitem,
2111 1442 2516 1539 matrisque
2552 1443 2928 1517 vocavit

1046 1576 1378 1651 Nomine
1417 1578 1804 1670 Casmillae,
1851 1592 2146 1654 mutata
2181 1595 2413 1678 parte,
2459 1581 2952 1656 Camillam.

1045 1716 1234 1813 Ipse,
1280 1717 1446 1789 sinu
1483 1743 1629 1816 prae
1664 1743 1742 1790 se
1779 1731 2102 1816 portanS,
2154 1717 2345 1819 juga
2380 1721 2608 1819 longa
2645 1719 3034 1819 petebat

1042 1857 1373 1929 Solorum
1414 1882 1843 1931 nemorum:
1905 1859 2057 1931 tela
2091 1859 2423 1956 undique
2458 1885 2650 1933 saeva
2687 1855 3240 1957 premebant,

1040 1995 1140 2068 Et
1178 1994 1630 2068 circumfuso
1665 1996 2085 2070 volitabant
2118 1998 2356 2073 milite
2390 1998 2664 2072 Volsci.

1039 2133 1241 2207 Ecce
1277 2132 1476 2231 fugae
1511 2134 1759 2207 medio
1792 2135 2099 2209 summis
2134 2137 2551 2209 Amasenus
2589 2136 3050 2210 abundans

1039 2271 1444 2369 Spumabat
1479 2271 1674 2372 ripiS,
1723 2285 1981 2348 tantus
2017 2300 2094 2347 se
2130 2274 2451 2348 nubibus
2491 2276 2735 2349 imber

1038 2412 1406 2509 Ruperat:
1466 2413 1610 2503 ille,
1661 2411 1925 2486 innare
1964 2438 2253 2512 paranS,
2302 2412 2612 2487 infantis
2650 2439 2945 2488 amore

1033 2550 1428 2642 Tardatur,
1479 2575 1800 2648 caroque
1835 2552 2045 2625 oneri
2084 2552 2322 2625 timet.
2413 2553 2690 2625 Omnia
2724 2578 3030 2628 secum

1039 2690 1391 2763 Versanti
1428 2690 1674 2764 subito
1711 2691 1840 2764 vix
1877 2690 2035 2763 haec
2074 2691 2453 2765 sententia
2487 2692 2717 2765 sedit:

1032 2829 1299 2902 Telum
1338 2827 1664 2903 immane
1699 2854 1933 2903 manu
1966 2829 2215 2903 valida
2250 2831 2447 2927 quod
2482 2829 2678 2904 forte
2714 2830 3073 2930 gerebat

1038 2967 1384 3059 Bellator,
1433 2969 1749 3041 solidum
1790 2947 2005 3043 nodis
2046 2984 2122 3042 et
2159 2969 2423 3042 robore
2460 2984 2699 3060 coctu,

1038 3107 1241 3180 Huic
1278 3120 1555 3198 natam,
1603 3108 1792 3181 libro
1829 3120 1908 3181 et
1941 3107 2279 3206 sylvestri
2317 3107 2583 3181 subere
2620 3109 2997 3198 clausam,

1036 3245 1407 3343 Implicat,
1457 3259 1683 3343 atque
1718 3247 2041 3319 habilem
2084 3246 2345 3320 mediae
2383 3246 2861 3345 circumligat
2901 3249 3181 3320 hastae.

1035 3384 1285 3469 Quam
1323 3385 1594 3458 dextra
1632 3386 1924 3484 ingenti
1964 3385 2259 3476 libranS,
2309 3385 2416 3457 ita
2451 3386 2546 3457 ad
2582 3385 2860 3459 aethera
2893 3384 3168 3458 fatur:

1035 3527 1275 3617 Alma,
1326 3525 1464 3598 tibi
1500 3526 1719 3616 hane,
1766 3550 2160 3599 nemorum
2199 3510 2497 3616 &ultrix,
2547 3524 2869 3599 Latonia
2901 3526 3161 3622 virge,
3273 3543 3296 3569 ·

1040 3666 1204 3763 Ipse
1244 3678 1456 3763 pater
1487 3663 1847 3738 famulam
1884 3689 2155 3737 voveo:
2214 3636 2360 3737 tua·
2384 3664 2623 3763 prima
2656 3690 2790 3762 per
2826 3689 3054 3737 auras

1033 3804 1217 3877 Tela
1252 3815 1518 3877 tenens
1556 3805 1870 3901 supplex
1907 3804 2194 3876 hostem
2231 3803 2451 3902 fugit.
2547 3803 2853 3902 Accipe,
2904 3812 3176 3891 testor,

1037 3944 1255 4033 Diva,
1304 3956 1533 4033 tuam,
1582 3969 1743 4040 quae
1778 3969 1988 4016 nunc
2023 3942 2267 4015 dubiis
2305 3942 2806 4015 committitur
2840 3944 3065 4017 auris.

1036 4082 1276 4172 Dixit,
1328 4095 1404 4154 et
1443 4081 1771 4156 adducto
1808 4095 2239 4156 contortum
2276 4081 2544 4155 hastile
2580 4082 2864 4155 lacerto

1036 4222 1428 4295 Immittit:
1486 4246 1800 4294 sonuere
1841 4220 2093 4309 undae3
2155 4219 2493 4318 rapidum
2532 4245 2753 4318 super
2787 4244 3088 4294 amnem

1035 4360 1318 4435 Infelix
1354 4360 1555 4461 fugit
1592 4360 1669 4433 in
1693 4358 1953 4457 jaculo
1987 4359 2352 4432 stridente
2392 4359 2730 4433 Camilla.

1034 4502 1140 4575 At
1178 4501 1551 4593 MetabuS,
1599 4523 1879 4600 magna
1914 4497 2210 4598 propius
2234 4497 2395 4598 jam
2433 4511 2754 4598 urgente
2793 4511 3126 4594 caterva,
