3792 6234
673 1000 942 1065 v.5lO.
1434 989 1826 1067 LIBER
1922 990 2059 1066 VI.
2746 1002 2843 1071 57

667 1188 809 1299 Sed
845 1213 966 1263 me
1003 1186 1160 1262 fata
1191 1214 1360 1265 mea
1395 1202 1474 1265 et
1505 1191 1748 1265 scelus
1783 1190 2089 1266 exitiale
2122 1188 2457 1265 Lacaenae

669 1326 810 1401 His
845 1352 1166 1403 mersere
1207 1328 1420 1402 malis
1438 1357 1457 1419 ;
1517 1328 1646 1403 illa
1679 1330 1836 1405 haec
1873 1342 2367 1405 monumenta
2399 1328 2721 1427 reliquit.

669 1466 1022 1565 Namque
1058 1480 1146 1542 ut
1179 1490 1599 1567 supremam
1633 1467 1822 1544 falsa
1853 1469 2057 1545 inter
2089 1468 2369 1569 gaudia
2404 1480 2705 1547 noctem

664 1605 1062 1709 Egerimus
1095 1588 1294 1682 nosti
1312 1636 1334 1699 3
1391 1619 1470 1681 et
1503 1608 1820 1682 nimium
1857 1608 2281 1683 meminisse
2316 1632 2621 1683 necesse
2658 1620 2790 1684 est.

666 1745 928 1831 Quum
960 1745 1210 1821 fatalis
1245 1768 1478 1844 equus
1513 1746 1710 1819 saltu
1745 1770 1969 1844 super
2000 1744 2237 1819 ardua
2270 1744 2482 1821 venit

664 1881 1052 1983 Pergama,
1099 1866 1180 1958 et
1213 1894 1584 1959 armatum
1621 1882 1951 1982 peditem
1986 1882 2237 1983 gravis
2272 1884 2531 1959 attulit
2566 1885 2771 1975 alvo;

665 2021 828 2115 Illa,
875 2025 1188 2097 chorum
1221 2023 1600 2115 simulans„
1649 2034 1959 2099 evantes
1994 2022 2211 2123 orgia
2244 2022 2532 2098 circum

665 2160 1021 2237 Ducebat
1054 2160 1456 2261 Phrygias:
1513 2161 1890 2236 flammam
1924 2160 2175 2235 media
2212 2161 2371 2261 ipsa
2400 2162 2715 2238 tenebat

665 2300 1094 2401 Ingentem,
1117 2312 1220 2411 ‘et
1253 2325 1546 2375 summa
1581 2300 1888 2375 Danaos
1926 2324 2023 2375 ex
2058 2324 2231 2375 arce
2264 2300 2609 2376 vocabat.

663 2438 856 2539 Tum
891 2464 1014 2514 me
1049 2437 1484 2514 confectum
1521 2439 1718 2513 curis
1753 2463 2165 2537 somnoque
2202 2450 2602 2539 gravatum

663 2576 946 2653 Infelix
980 2578 1246 2653 habuit
1279 2578 1694 2668 thalamus;
1753 2576 2167 2676 pressitque
2188 2575 2579 2676 jacentem

664 2715 930 2791 Dulcis
965 2729 1045 2791 et
1079 2717 1234 2791 alta
1265 2715 1494 2815 quieS,
1541 2714 2001 2816 placidaeque
2034 2714 2413 2791 simillima
2446 2717 2690 2791 morti.

663 2854 994 2955 Egregia
1025 2854 1318 2929 interea
1352 2853 1634 2952 conjux
1671 2866 1882 2929 arma
1914 2852 2171 2927 omnia
2202 2853 2425 2929 tectis

663 2992 1003 3087 Emovet,
1049 3005 1130 3067 et
1163 2992 1394 3068 fidum
1433 2992 1662 3093 capiti
1697 2991 2165 3068 subduxerat
2200 3018 2477 3068 ensem.

663 3130 880 3207 Intra
912 3142 1121 3207 tecta
1154 3141 1378 3205 vocat
1415 3130 1876 3222 Menelaum,
1926 3142 2005 3205 et
2038 3130 2303 3205 limina
2333 3130 2639 3230 pandit3

663 3270 966 3345 Scilicet
999 3268 1080 3345 id
1112 3294 1478 3369 magnum
1512 3292 1817 3368 sperans
1853 3267 2015 3343 fore
2050 3294 2325 3343 munus
2360 3271 2669 3363 amanti,

659 3408 764 3483 Et
793 3408 1077 3483 famam
1115 3406 1467 3509 extingui
1499 3420 1844 3485 veterum
1877 3406 1987 3483 sic
2022 3432 2235 3507 posse
2268 3410 2655 3485 malorum.

667 3547 874 3635 Quid
901 3546 1194 3621 moror?
1231 3546 1660 3645 irrumpunt
1687 3545 2055 3638 thalam03
2102 3570 2351 3621 comes
2379 3546 2679 3623 additus
2706 3574 2863 3623 una

663 3684 1030 3760 Hortator
1062 3686 1430 3759 scelerum
1461 3683 1810 3761 AEolides.
1921 3684 2047 3777 Di,
2094 3684 2279 3761 talia
2312 3686 2561 3761 Graiis

664 3824 1116 3914 Instaurate,
1163 3824 1287 3923 pio
1321 3822 1382 3897 si
1415 3846 1670 3922 poenas
1704 3847 1834 3897 ore
1868 3846 2201 3923 reposco·

665 3962 806 4037 Sed
842 3973 920 4037 te
957 3960 1086 4060 qui
1121 3961 1375 4036 vivum
1412 3984 1647 4053 casus,
1695 3985 1838 4061 age
1868 3960 2031 4035 fare
2064 3960 2413 4055 vicissim,

662 4100 1121 4175 Attulerint:
1179 4100 1528 4199 pelagine
1561 4099 1774 4177 venis
1811 4098 2183 4173 erroribus
2216 4100 2475 4175 actus?

665 4238 1120 4317 Anmonitu
1156 4236 1458 4313 divum?
1511 4262 1610 4313 an
1645 4262 1806 4337 quae
1839 4248 1919 4311 te
1950 4236 2261 4312 fortuna
2290 4237 2587 4339 fatigat,

661 4376 774 4453 Ut
806 4375 1056 4451 tristes
1089 4376 1252 4451 sine
1286 4376 1440 4452 sole
1475 4374 1754 4469 domos,
1801 4375 1972 4453 loca
2004 4376 2327 4469 turbida,
2376 4376 2663 4455 adires?

665 4516 834 4591 Hac
869 4516 1037 4591 vice
1077 4538 1506 4590 sermonum
1539 4514 1766 4589 roseis
1801 4514 2095 4589 Aurora
2128 4514 2509 4615 quadrigis

658 4654 708 4729 J
715 4678 834 4727 am
867 4653 1202 4730 medium
1237 4653 1544 4753 aetherio
1579 4678 1804 4729 cursu
1842 4651 2241 4752 trajecerat
2274 4678 2495 4727 axem
2512 4683 2534 4745 ;

820 4806 849 4844 2
2342 4796 2366 4843 1
