3792 6234
668 1019 736 1068 v.
770 1003 889 1077 97.
1417 990 1482 1067 L
1503 993 1539 1066 I
1559 994 1626 1070 ,Β
1649 993 1712 1067 E
1737 993 1807 1068 R
1906 994 2089 1067 XII.
2694 1001 2837 1069 243

669 1189 1159 1289 Loricamque
1197 1215 1428 1265 manu
1464 1192 1712 1267 valida
1746 1195 2073 1267 lacerare
2108 1192 2477 1266 revulsam

666 1329 1003 1404 Semiviri
1043 1330 1376 1430 Phrygis,
1426 1345 1504 1404 et
1537 1330 1815 1405 foedare
1852 1332 1932 1405 in
1968 1332 2271 1429 pulvere
2308 1330 2551 1405 crines

663 1469 1014 1543 Vibratos
1050 1470 1295 1543 calido
1328 1468 1548 1561 ferm,
1597 1471 2047 1568 myrrhaque
2084 1470 2495 1543 madentes,

813 1608 950 1679 His
989 1608 1242 1707 agitur
1273 1606 1505 1699 furiiS‚
1554 1619 1861 1705 totoque
1902 1607 2232 1681 ardentis
2270 1607 2363 1681 ab
2399 1631 2526 1680 ore
2623 1649 2642 1667 -

663 1746 1017 1820 Scintillae
1061 1746 1470 1836 absistunt3
1529 1746 1762 1820 oculis
1798 1746 2032 1819 micat
2064 1746 2357 1820 acribus
2395 1724 2628 1845 ignis:

665 1884 1008 1983 Mugitus
1044 1886 1282 1959 veluti
1318 1911 1548 1982 quum
1587 1883 1826 1984 prima
1863 1886 1940 1957 in
1978 1884 2235 1983 proelia
2267 1895 2525 1957 taurus

656 2023 1046 2097 Terrificos
1087 2024 1257 2115 ciet,
1307 2036 1532 2121 atque
1567 2023 1784 2097 irasci
1822 2023 1898 2096 in
1938 2048 2221 2096 cornua
2255 2034 2525 2114 tentat,

659 2160 964 2235 Arboris
1000 2161 1322 2235 obnixus
1361 2173 1656 2253 trunc0,
1703 2174 2116 2259 ventosque
2149 2161 2445 2235 lacessit

658 2298 968 2391 Ictibus,
1015 2313 1091 2373 et
1125 2325 1376 2399 sparsa
1411 2300 1504 2375 ad
1541 2325 1874 2398 pugnam
1911 2298 2242 2397 proludit
2276 2323 2524 2372 arena.

807 2439 980 2512 Nec
1015 2438 1262 2512 minus
1301 2439 1591 2512 interea
1625 2436 1982 2511 maternis
2028 2462 2259 2511 saevus
2296 2436 2374 2509 in
2412 2436 2632 2511 armis

655 2576 926 2649 AEneas
965 2577 1171 2650 acuit
1208 2576 1560 2667 Martem,
1608 2589 1686 2649 et
1720 2600 1798 2649 se
1833 2576 2147 2649 suscitat
2182 2574 2312 2668 ira,

655 2713 933 2787 Oblato
967 2714 1308 2813 gaudens
1347 2716 1696 2812 componi
1731 2712 2010 2787 foedere
2045 2713 2347 2788 bellum.

652 2852 846 2925 Tum
885 2853 1120 2927 socios
1157 2854 1536 2949 maestique
1572 2865 1858 2927 metum
1893 2853 2175 2925 solatur
2208 2852 2378 2943 Iuli,

651 2989 835 3064 Fata
867 2990 1186 3081 docens3
1245 2990 1553 3089 regique
1579 2988 1802 3089 jubet
1835 3014 2189 3087 responsa
2224 2988 2498 3063 Latino

655 3128 883 3202 Certa
919 3128 1198 3203 referre
1234 3129 1450 3221 viros,
1499 3140 1576 3203 et
1608 3127 1812 3227 pacis
1847 3128 2100 3202 dicere
2136 3129 2360 3226 leges,

795 3268 1105 3342 Postera
1138 3268 1269 3342 vix
1305 3288 1630 3341 summos
1675 3265 2077 3365 spargebat
2112 3265 2396 3339 lumine
2433 3276 2725 3339 montes

650 3404 840 3479 Orta
874 3406 1055 3498 dies,
1101 3433 1333 3505 quum
1367 3406 1692 3505 primum
1729 3405 1883 3477 alto
1918 3430 1996 3477 se
2032 3402 2337 3504 gurgite
2374 3403 2654 3478 tollunt

649 3544 832 3616 Solis
868 3544 1061 3641 equi,
1109 3545 1506 3641 lucemque
1543 3543 1755 3617 elatis
1793 3541 2097 3616 naribus
2134 3543 2425 3616 efflant:

651 3679 1020 3779 Campum
1059 3681 1155 3756 ad
1193 3695 1600 3773 certamen,
1649 3706 1943 3779 magnae
1978 3680 2115 3753 sub
2151 3678 2517 3753 moenibus
2552 3677 2775 3772 urbis,

647 3818 992 3893 Dimensi
1029 3821 1437 3918 Rutulique
1477 3819 1614 3893 viri
1650 3819 2071 3917 Teucrique
2108 3819 2510 3917 parabant3

649 3956 742 4029 In
781 3956 1172 4055 medioque
1205 3957 1434 4051 soem,
1485 3970 1562 4032 et
1597 3958 1708 4031 dis
1747 3956 2268 4031 communibus
2306 3982 2466 4030 aras

649 4094 1134 4185 Gramineas3
1195 4096 1318 4169 alii
1355 4095 1792 4194 fontemque
1830 4096 2235 4194 ignemque
2266 4093 2634 4187 ferebant,

648 4232 901 4306 Velati
940 4233 1136 4324 limo,
1187 4245 1264 4307 et
1299 4234 1628 4307 verbena
1663 4247 2003 4331 tempora
2036 4232 2295 4308 vincti.

573 4434 578 4441 .
647 4369 999 4444 Procedit
1034 4370 1234 4470 legio
1261 4371 1750 4463 Ausonidum,
1796 4371 2176 4470 pilataque
2211 4371 2450 4468 plenis

647 4508 979 4607 Agmina
1015 4534 1092 4583 se
1128 4508 1466 4583 fundunt
1499 4510 1767 4607 portis:
1825 4508 2007 4583 hinc
2034 4509 2295 4581 Troius
2332 4506 2573 4583 omnis

642 4646 1224 4747 Tyrrhenusque
1260 4648 1414 4723 ruit
1447 4646 1668 4723 variis
1705 4645 2083 4721 exercitus
2119 4644 2377 4721 armis:
