3792 6234
759 1023 826 1071 v.
868 997 1033 1078 716.
1520 992 1910 1070 LIBER
2007 994 2148 1069 IX.
2787 993 2918 1066 163

908 1195 1053 1268 Hic
1092 1193 1299 1266 Mars
1334 1193 1785 1291 armipotens
1822 1193 2155 1266 animum
2191 1191 2531 1288 viresque
2567 1188 2852 1263 Latinis

757 1331 1095 1423 Addidit,
1142 1342 1220 1405 et
1250 1331 1587 1404 stimulos
1626 1355 1833 1405 acres
1870 1331 2008 1406 sub
2041 1343 2347 1429 pectore
2380 1329 2644 1419 vertit3

757 1468 1225 1567 Immisitque
1258 1467 1521 1568 fugam
1547 1468 1857 1542 Teucris
1892 1483 2284 1566 atrumque
2319 1467 2687 1544 timorem.

755 1607 1111 1705 Undique
1146 1607 1632 1700 conveniunt,
1676 1607 2032 1705 quoniam
2067 1606 2247 1680 data
2279 1605 2496 1704 copia
2525 1629 2818 1706 pugnae,

757 1744 1229 1843 Bellatorque
1264 1747 1552 1820 animos
1587 1745 1771 1819 deus
1806 1745 2098 1819 incidit.

754 1882 1161 1976 PandaruS,
1204 1897 1293 1958 ut
1324 1882 1493 1958 fuso
1528 1907 1972 1982 germanum
2007 1907 2316 1982 corpore
2351 1881 2614 1974 cernit,

753 2021 855 2096 Et
887 2047 1034 2120 quo
1070 2021 1168 2096 sit
1199 2021 1509 2096 fortuna
1541 2022 1730 2114 loc0,
1776 2022 1904 2120 qui
1937 2046 2154 2095 casus
2189 2032 2370 2120 agat
2402 2045 2538 2112 res,

754 2159 1054 2234 Portam
1088 2159 1164 2234 vi
1198 2160 1441 2233 multa
1472 2183 1833 2234 con-verso
1868 2159 2174 2234 cardine
2207 2169 2528 2256 torquet,

754 2297 1097 2372 Obnixus
1136 2296 1306 2372 latis
1336 2295 1686 2390 humeris,
1732 2299 2156 2396 multosque
2191 2321 2494 2371 suorum

755 2435 1133 2510 Moenibus
1170 2437 1513 2510 exclusos
1549 2436 1738 2510 duro
1772 2435 1851 2510 in
1890 2434 2304 2510 certamine
2337 2433 2648 2532 linquit:

750 2573 892 2647 Ast
926 2573 1103 2648 alios
1136 2597 1395 2648 secum
1430 2572 1755 2648 includit
1788 2570 2202 2672 recipitque
2235 2583 2582 2662 ruentes3

751 2711 1123 2784 Demens!
1171 2711 1301 2809 qui
1331 2711 1693 2785 Rutulum
1732 2710 1811 2783 in
1844 2709 2097 2785 medio
2131 2734 2288 2784 non
2327 2709 2628 2809 agmine
2661 2733 2920 2812 regem

751 2847 1049 2923 Viderit
1082 2849 1642 2948 irrumpentem,
1688 2849 2035 2946 ultroque
2069 2847 2459 2922 incluserit
2491 2847 2680 2941 urbi,

751 2986 1170 3062 Immanem
1202 2985 1441 3061 veluti
1474 3009 1747 3086 pecora
1782 2986 1983 3060 inter
2015 2985 2290 3061 inertia
2321 2985 2600 3086 tigrim.

752 3123 1139 3199 Continuo
1172 3142 1373 3198 nova
1404 3123 1539 3198 lux
1574 3123 1811 3198 oculis
1848 3123 2147 3216 effulsit,
2192 3132 2273 3198 et
2305 3147 2516 3198 anna

749 3263 1233 3338 Horrendum
1268 3287 1585 3339 sonuere
1602 3289 1623 3356 3
1681 3259 2021 3338 tremunt
2055 3263 2134 3337 in
2169 3261 2452 3336 vertice
2489 3263 2730 3338 cristae

749 3401 1212 3502 Sanguineae,
1263 3404 1671 3503 clypeoque
1702 3401 2067 3478 micantia
2101 3399 2423 3476 fulmina
2457 3400 2712 3475 mittit.

749 3542 1202 3640 Agnoscunt
1232 3541 1505 3615 faciem
1542 3541 1857 3616 invisam
1892 3553 2119 3639 atque
2155 3536 2512 3613 immania
2543 3537 2880 3613 membra

749 3678 1063 3753 Turbati
1098 3678 1343 3754 subito
1370 3679 1740 3755 AEneadae.
1832 3679 2030 3753 Tum
2063 3677 2448 3752 Pandarus
2483 3677 2752 3777 ingens

750 3814 1069 3908 Emicat,
1114 3827 1214 3908 et,
1258 3817 1517 3891 mortis
1550 3815 1902 3891 fraternae
1931 3815 2265 3892 fervidus
2297 3816 2428 3908 ira,

750 3951 1083 4027 Effatur:
1142 3952 1325 4027 Non
1362 3956 1521 4029 haec
1554 3955 1825 4030 dotalis
1859 3955 2073 4054 regia
2104 3955 2414 4046 Amatae,
2593 4057 2606 4064 -

754 4089 927 4164 Nec
960 4091 1189 4166 muris
1225 4092 1529 4166 cohibet
1559 4093 1819 4191 patriis
1852 4092 2104 4168 media
2134 4091 2386 4166 Ardea
2410 4091 2790 4166 Turnum:

753 4226 1023 4303 Castra
1054 4226 1363 4302 inimica
1392 4230 1601 4304 vides
1618 4259 1639 4322 3
1696 4231 1912 4305 nulla
1941 4231 2120 4305 hinc
2165 4229 2375 4304 exire
2407 4239 2758 4328 potestas.

753 4365 906 4439 Olli
940 4363 1331 4440 subridens
1372 4367 1631 4442 sedato
1664 4381 1972 4467 pectore
2002 4367 2338 4442 Turnus:

753 4503 1037 4602 Incipe,
1083 4503 1145 4578 si
1178 4529 1327 4602 qua
1360 4505 1611 4579 animo
1643 4507 1902 4598 virtus,
1949 4517 2028 4580 et
2062 4529 2370 4579 consere
2401 4503 2786 4594 dextram3

756 4641 901 4716 Hic
936 4641 1165 4718 etiam
1200 4643 1593 4718 inventum
1628 4642 1924 4719 Priamo
1959 4639 2294 4717 narrabis
2326 4639 2720 4715 Achillem.
