3792 6234
890 987 1069 1078 ³112
1212 933 1217 939 ’
1790 975 2230 1050 AENEIS.
2819 1001 2887 1048 v.
2937 986 3094 1058 178.

913 1178 1109 1251 Turn
1145 1176 1324 1251 lecti
1347 1169 1669 1276 juvenes
1706 1175 2057 1250 certatim
2093 1197 2384 1273 araeque
2419 1173 2764 1248 sacerdos

919 1316 1230 1390 Viscera
1262 1327 1465 1390 tosta
1494 1315 1755 1389 ferunt
1787 1325 2198 1406 taurorum,
2245 1325 2714 1411 onerantque
2753 1313 3098 1388 canistris

917 1455 1144 1530 Dona
1177 1454 1529 1530 laboratae
1564 1455 1857 1547 cereris,
1908 1454 2429 1552 bacchumque
2466 1453 2921 1528 ministrant.

914 1593 1269 1668 Vescitur
1302 1593 1597 1686 AEneas‚
1644 1594 1863 1668 simul
1898 1605 1978 1666 et
2010 1591 2338 1691 Trojana
2358 1590 2745 1690 juventus,

914 1733 1267 1832 Perpetui
1302 1745 1521 1834 tergo
1554 1705 1765 1806 bovis
1802 1743 1881 1807 et
1917 1731 2344 1806 lustralibus
2379 1730 2597 1804 extis.
3017 1831 3024 1840 ο

1060 1859 1465 1971 Postquam
1516 1883 1870 1970 exempta
1913 1869 2172 1963 fameS,
2235 1879 2314 1944 et
2373 1893 2583 1944 amor
2631 1891 3093 1968 compressus

1210 2010 1509 2101 edendi

910 2149 1077 2224 Rex
1113 2149 1507 2224 Evandrus
1544 2149 1687 2224 ait:
1749 2148 1932 2222 Non
1968 2149 2126 2223 haec
2163 2146 2529 2222 solemnia
2561 2146 2798 2240 nobis,

914 2289 1072 2364 Has
1108 2314 1205 2364 ex
1240 2314 1449 2364 more
1484 2289 1733 2388 dapes,
1780 2290 1979 2363 hanc
2015 2288 2214 2362 tanti
2248 2287 2582 2362 numinis
2619 2310 2847 2380 aram,

911 2428 1133 2502 Vana
1166 2427 1593 2528 superstitio
1626 2441 2118 2526 veterumque
2155 2427 2422 2526 ignara
2453 2425 2768 2502 deorum
2867 2495 2872 2500 .
2903 2416 2908 2420 ⁴

909 2567 1315 2666 Imposuit:
1372 2567 1599 2659 saeviS,
1648 2566 1912 2666 hospes
1945 2565 2288 2666 Trojane‚
2333 2565 2632 2672 periclis

908 2705 1195 2780 Servati
1228 2705 1569 2796 facimus,
1618 2706 2069 2803 meritosque
2107 2729 2470 2780 novamus
2507 2707 2850 2779 honores,

903 2844 953 2918 J
958 2869 1080 2918 am
1116 2843 1441 2943 primum
1478 2844 1675 2918 saxis
1709 2869 2145 2943 suspensam
2179 2845 2380 2919 hanc
2417 2843 2720 2943 adspice
2755 2869 3019 2944 rupem
3036 2873 3058 2936 ;

907 2981 1262 3080 Disjectae
1297 2983 1557 3083 procul
1594 2995 1681 3057 ut
1712 2984 1966 3075 moleS‚
2015 2982 2458 3081 desertaque
2493 2983 2772 3058 montis

908 3122 1071 3196 Stat
1104 3121 1391 3216 domus,
1438 3133 1518 3196 et
1550 3120 1836 3220 scopuli
1872 3121 2267 3222 ingentem
2303 3133 2606 3196 traxere
2640 3121 2960 3198 ruinam.

909 3258 1055 3334 Hic
1091 3261 1450 3359 spelunca
1485 3259 1653 3350 fuit,
1700 3270 1914 3334 vasto
1949 3259 2298 3334 submota
2331 3285 2652 3352 recessu,

906 3397 1429 3472 Semihominis
1468 3397 1653 3472 Caci
1686 3395 1922 3472 facies
1957 3422 2182 3496 quam
2219 3397 2382 3470 dira
2417 3395 2750 3490 tenebat,

909 3537 1092 3611 Solis
1130 3536 1587 3610 inaccessam
1620 3535 1885 3628 radiis3
1947 3560 2384 3635 semperque
2419 3535 2714 3610 recenti

846 3748 849 3754 .
909 3675 1130 3750 Caede
1167 3674 1475 3774 tepebat
1509 3675 1779 3748 humus
1799 3700 1820 3765 ;
1876 3673 2310 3772 foribusque
2347 3675 2572 3748 affixa
2605 3672 2939 3773 superbis

806 3781 815 3790 ’
905 3815 1063 3888 Ora
1094 3813 1334 3887 viram
1368 3813 1567 3887 tristi
1601 3811 2039 3912 pendebant
2073 3812 2351 3911 pallida
2383 3811 2582 3886 tabo.

905 3950 1111 4026 Huic
1145 3962 1481 4025 monstro
1511 3950 1902 4025 Vulcanus
1939 3960 2100 4024 erat
2131 3963 2384 4049 pater:
2444 3950 2639 4024 illius
2675 3961 2876 4024 atros

905 4089 1061 4164 Ore
1094 4113 1405 4164 vomens
1440 4091 1678 4189 ignee,
1722 4113 2006 4188 magna
2039 4113 2118 4162 se
2153 4089 2351 4162 mole
2383 4087 2696 4162 ferebat.

903 4228 1190 4303 Attulit
1222 4241 1301 4302 et
1336 4226 1554 4302 nobis
1592 4226 1995 4325 aliquando
2031 4227 2466 4327 optantibus
2499 4239 2676 4301 aetas

903 4367 1296 4441 Auxilium
1336 4365 1893 4463 adventumque
1926 4364 2089 4440 dei:
2145 4391 2324 4440 nam
2359 4367 2732 4440 maximus
2767 4365 2990 4458 ultor,

900 4505 1338 4606 Tergemini
1371 4529 1561 4580 nece
1600 4505 1975 4604 Geryonae
2011 4505 2407 4604 spoliisque
2443 4502 2825 4603 superbus,

901 4643 1205 4720 Alcides
1244 4643 1525 4738 aderat,
1573 4657 1974 4743 taurosque
2008 4644 2153 4717 hac
2187 4643 2432 4718 victor
2463 4642 2741 4744 agebat
