3792 6234
543 1023 620 1072 v·
663 1005 854 1078 371:
1327 993 1718 1070 LIBER
1816 994 1951 1067 VI.
2634 1002 2719 1072 71

547 1194 908 1281 Quantos
943 1192 1067 1268 ille
1102 1192 1346 1268 virum
1379 1219 1736 1294 magnam
1773 1191 2141 1268 Mavortis
2176 1192 2272 1267 ad
2309 1190 2571 1266 urbem

549 1333 890 1432 Campus
925 1343 1102 1432 aget
1137 1332 1502 1432 gemitus!
1559 1334 1680 1407 vel
1715 1358 1897 1430 quae,
1936 1330 2312 1423 Tiberine,
2360 1329 2645 1404 videbis

547 1471 872 1562 Funera,
919 1495 1150 1568 quum
1185 1470 1562 1544 tumulum
1595 1469 2117 1568 praeterlabere
2159 1471 2583 1544 recentem!

546 1609 732 1685 Nec
765 1587 954 1710 puer
988 1608 1224 1683 Iliaca
1255 1607 1646 1707 quisquam
1683 1609 1779 1684 de
1815 1621 2047 1709 gente
2086 1607 2393 1682 Latinos

547 1747 650 1822 In
688 1758 988 1822 tantum
1024 1771 1152 1845 spe
1186 1746 1404 1822 tollet
1439 1770 1650 1838 avos;
1709 1771 1855 1820 nec
1893 1746 2215 1821 Romula
2246 1746 2625 1844 quondam

544 1885 734 1962 Ullo
768 1910 848 1960 se
883 1896 1184 1960 tantum
1220 1885 1442 1960 tellus
1465 1883 1793 1984 jactabit
1827 1886 2156 1960 alumn0.

450 2065 464 2074 ·
545 2023 731 2098 Heu
763 2022 1038 2122 pietas!
1095 2025 1242 2098 heu
1279 2023 1524 2123 prisca
1557 2023 1777 2097 fides!
1835 2021 2268 2120 invictaque
2304 2021 2503 2096 bello

543 2161 934 2244 Dextera!
989 2186 1144 2236 non
1181 2161 1288 2234 illi
1323 2185 1402 2236 se
1437 2162 1828 2260 quisquam
1866 2162 2173 2260 impune
2214 2161 2505 2236 tulisset

545 2300 840 2376 Obvius
877 2312 1185 2392 armate,
1231 2324 1364 2374 seu
1397 2325 1629 2398 quum
1667 2299 1894 2399 pedes
1932 2299 2075 2374 iret
2113 2299 2191 2372 in
2228 2300 2540 2390 hostem,

545 2439 696 2512 Seu
733 2439 1150 2538 spumantis
1188 2437 1360 2536 equi
1394 2437 1689 2512 foderet
1725 2436 2141 2512 calcaribus
2176 2461 2439 2510 armos.

547 2576 771 2651 Heu!
825 2575 1248 2650 miserande
1283 2601 1488 2676 puer,
1535 2575 1596 2650 si
1633 2601 1783 2675 qua
1813 2573 1977 2650 fata
2010 2601 2271 2674 aspera
2302 2599 2623 2675 rumpaS,

544 2714 671 2790 Tu
705 2715 1116 2790 Marcellus
1153 2714 1316 2788 eris,
1430 2713 1788 2789 Manibus
1826 2713 2003 2789 date
2040 2713 2196 2789 lilia
2228 2712 2506 2813 plenis:

546 2853 976 2952 Purpureos
1011 2876 1356 2952 spargam
1394 2853 1631 2945 flores»,
1680 2853 2159 2951 animamque
2191 2853 2486 2952 nepotis

549 2991 694 3065 His
731 2991 998 3065 saltem
1035 2991 1506 3065 accumulem
1543 2990 1780 3084 doniS‚
1829 3001 1909 3064 et
1940 2988 2223 3090 fungar
2256 2991 2463 3065 inani

547 3131 909 3206 Munere.
1017 3129 1136 3204 Sic
1171 3141 1336 3204 tota
1367 3130 1638 3230 passim
1675 3129 1983 3230 regione
2020 3139 2398 3229 vagantur

546 3268 770 3344 Aeris
807 3268 888 3342 in
921 3268 1202 3370 campis
1237 3267 1430 3361 latis,
1478 3279 1702 3366 atque
1736 3268 1991 3342 omnia
2025 3267 2369 3342 lustrant.

545 3407 748 3494 Quae
777 3418 1170 3506 postquam
1205 3405 1572 3480 Anchises
1611 3417 1876 3480 natum
1912 3431 2046 3505 per
2078 3405 2379 3505 singula
2413 3403 2655 3495 duxit,

549 3543 1062 3642 Incenditque
1106 3544 1442 3618 animum
1475 3541 1693 3618 famae
1727 3543 2101 3619 venientis
2137 3567 2427 3633 amore3

549 3682 756 3758 Exin
790 3681 991 3756 bella
1025 3681 1186 3755 viro
1221 3691 1590 3756 memorat
1623 3705 1786 3780 quae
1817 3680 2095 3755 deinde
2131 3679 2487 3781 gerenda,

551 3821 1118 3919 Laurentesque
1153 3819 1378 3894 docet
1413 3820 1744 3919 populos,
1793 3819 2202 3917 urbemque
2240 3818 2513 3910 Latini,

449 4049 452 4052 ‚
551 3959 653 4034 Et
687 3984 838 4058 quo
871 3983 1242 4058 quemque
1276 3957 1502 4032 modo
1535 3956 1931 4059 fugiatque
1964 3956 2305 4056 feratque
2340 3956 2695 4032 laborem.

687 4099 892 4172 -Sunt
920 4095 1238 4197 geminae
1269 4095 1522 4170 Somni
1559 4109 1828 4195 portae3
1871 4121 2189 4206 quarum
2227 4097 2463 4171 altera
2488 4095 2731 4172 fertur

555 4237 876 4330 Cornea,
923 4261 1073 4334 qua
1104 4235 1299 4309 veris
1333 4233 1576 4310 facilis
1611 4235 1837 4309 datur
1869 4235 2117 4309 exitus
2154 4235 2472 4310 umbris:

553 4377 839 4467 Altera,
887 4373 1246 4448 candenti
1283 4371 1622 4473 perfecta
1654 4373 1905 4448 nitens
1943 4375 2381 4473 elephant03

554 4512 694 4588 Sed
730 4510 919 4586 falsa
953 4511 1047 4586 ad
1085 4511 1354 4586 coelum
1389 4509 1706 4586 mittunt
1742 4511 2114 4586 insomnia
2149 4511 2441 4586 Manes,

557 4650 694 4725 His
729 4650 861 4726 ubi
895 4661 1058 4726 tum
1095 4660 1360 4724 natum
1395 4649 1762 4726 Anchises
1799 4675 2097 4749 unaque
2135 4649 2486 4747 Sibyllam
