3792 6234
631 1022 703 1070 v.
743 1005 910 1070 821.
1419 993 1808 1070 LIBER
1906 994 2043 1068 VI.
2707 996 2804 1080 69

633 1193 954 1269 Infelix!
1013 1203 1424 1291 utcumque
1458 1191 1713 1268 ferent
1747 1217 1838 1267 ea
1869 1191 2079 1268 facta
2110 1192 2461 1286 minores,

633 1333 918 1407 Vincet
948 1356 1160 1406 amor
1191 1331 1468 1430 patriae,
1515 1332 1969 1430 laudumque
2006 1331 2371 1407 immensa
2406 1333 2703 1434 cupido,

634 1470 846 1556 Quin
883 1469 1182 1562 Deci03,
1229 1470 1662 1567 Drusosque
1697 1472 1981 1569 procul,
2029 1495 2451 1569 saevumque
2486 1471 2733 1546 securi

633 1610 960 1708 Adspice
986 1611 1472 1708 Torquatum,
1519 1622 1598 1684 et
1629 1609 2086 1685 referentem
2122 1610 2342 1711 signa
2370 1610 2795 1686 Camillum.

635 1748 794 1822 111ae
829 1759 1103 1840 autem,
1147 1746 1448 1847 paribus
1483 1771 1668 1846 quas
1701 1746 1997 1848 fulgere
2034 1748 2279 1822 cernis
2315 1749 2394 1822 in
2435 1749 2678 1842 armis,

637 1885 1072 1960 Concordes
1108 1885 1374 1961 animae
1407 1912 1642 1980 nunc,
1689 1900 1768 1961 et
1801 1887 1983 1961 dum
2018 1902 2247 1961 nocte
2282 1899 2741 1986 prementur,

637 2025 849 2098 Heu!
907 2036 1274 2123 quantum
1314 2026 1514 2100 inter
1546 2050 1624 2100 se
1659 2025 1963 2136 bellum,
2010 2026 2070 2099 si
2108 2025 2397 2100 lumina
2430 2024 2605 2100 vitae

631 2162 1077 2262 Attigerint,
1124 2175 1444 2261 quantas
1479 2164 1677 2238 acies
1712 2177 2193 2263 stragemque
2226 2163 2561 2255 ciebunt,

636 2299 1066 2401 Aggeribus
1099 2325 1314 2376 socer
1344 2301 1640 2401 Alpinis
1677 2315 1907 2400 atque
1942 2326 2115 2376 arce
2152 2301 2487 2376 Monoeci

635 2438 1152 2531 Descendens,
1197 2464 1438 2539 gener
1471 2440 1796 2515 adversis
1833 2441 2247 2515 instructus
2281 2439 2495 2514 Eois!

639 2577 784 2669 Ne,
830 2577 1066 2675 pueri,
1113 2603 1212 2651 ne
1247 2589 1465 2652 tanta
1499 2577 1765 2652 animis
1804 2577 2207 2653 assuescite
2242 2577 2478 2670 bella3

637 2715 817 2792 Neu
850 2714 1110 2813 patriae
1145 2715 1428 2790 validas
1463 2717 1544 2790 in
1579 2717 1868 2790 viscera
1901 2717 2175 2820 vertite
2211 2715 2427 2791 vires,

633 2852 900 2950 Tuque
933 2852 1155 2951 prior,
1204 2867 1314 2946 tu,
1359 2878 1606 2953 parce,
1652 2878 1894 2953 genus
1931 2855 2061 2953 qui
2092 2855 2307 2930 ducis
2338 2854 2705 2954 Olympo:

638 2989 927 3089 Projice
963 2992 1118 3066 tela
1151 3016 1405 3084 manu,
1451 2993 1758 3093 sanguis
1794 3017 2024 3068 meuS.

638 3130 778 3204 Ille
815 3128 1281 3229 triumphata
1313 3131 1690 3231 Capitolia
1725 3131 1818 3205 ad
1856 3132 2011 3205 alta
2041 3129 2413 3206 Corintho

637 3268 909 3342 Victor
943 3280 1125 3369 aget
1159 3294 1486 3364 currum,
1535 3271 1738 3344 caesis
1774 3270 2091 3371 insignis
2124 3269 2457 3345 Achivis,

638 3406 874 3482 Eruet
909 3406 1034 3482 ille
1068 3409 1336 3509 Argos,
1380 3409 2171 3509 Agamemnoniasque
2207 3407 2599 3506 Mycenas,

642 3546 1050 3644 Ipsumque
1083 3546 1470 3639 AEaciden,
1519 3571 1768 3647 genus.
1799 3545 2315 3646 armipotentis
2350 3545 2666 3636 Achilli3

637 3683 864 3758 Ultus
898 3708 1074 3758 avos
1098 3686 1167 3758 T
1167 3683 1362 3784 rojae,
1411 3686 1694 3784 templa
1729 3697 1808 3760 et
1841 3697 2209 3760 temerata
2246 3683 2629 3760 Minervae.

641 3821 834 3907 Quis
871 3833 970 3914 te,
1019 3847 1300 3922 magne
1339 3822 1554 3915 Cato,
1598 3823 1941 3915 tacitum,
1988 3835 2121 3896 aut
2156 3835 2255 3915 te,
2298 3821 2549 3916 Cosse,
2593 3821 2822 3900 relin-

789 3959 1018 4058 quat?

642 4097 834 4183 Quis
859 4097 1196 4172 Gracchi
1223 4099 1512 4198 genus?
1549 4110 1682 4174 aut
1711 4100 2073 4200 geminos,
2108 4098 2259 4174 duo
2286 4096 2607 4176 fulmina
2626 4099 2825 4194 belli,

641 4236 1038 4336 Scipiadas,
1088 4239 1382 4314 cladem
1419 4238 1716 4338 Libyae?
1769 4264 2145 4338 parvoque
2182 4251 2573 4339 potentem

639 4375 1110 4450 Fabricium?
1163 4379 1282 4454 vel
1317 4389 1396 4452 te
1437 4378 1666 4471 sulec,
1715 4379 2051 4471 Sei-rane,
2099 4378 2517 4454 serentem?

643 4513 818 4599 Quo
851 4513 1127 4590 fessum
1165 4516 1444 4616 rapitis,
1493 4517 1746 4592 Fabii?
1813 4517 1935 4592 Tu
1971 4517 2355 4592 Maximus
2392 4517 2515 4592 ille
2553 4542 2653 4610 eS,

643 4652 860 4728 Unus
895 4655 1024 4752 qui
1059 4655 1274 4748 nobis
1311 4655 1750 4732 cunctando
1783 4656 2115 4732 restituis
2152 4681 2333 4731 rem.
