3792 6234
617 1007 684 1056 v.
722 981 890 1056 666.
1385 980 1452 1055 L
1474 980 1510 1054 1
1540 981 1598 1056 B
1617 981 1684 1056 E
1707 982 1778 1058 R
1877 983 2013 1056 VI.
2692 984 2791 1060 63

618 1179 988 1255 Musaeum
1026 1191 1205 1254 ante
1239 1204 1521 1272 omnes,
1567 1178 1901 1256 medium
1938 1204 2117 1257 nam
2150 1159 2477 1280 plurima
2508 1181 2734 1258 turba

618 1319 850 1394 Hunc
877 1318 1130 1411 habet,
1169 1331 1396 1417 atque
1423 1318 1756 1394 humeris
1783 1329 2213 1396 exstantem
2248 1319 2563 1418 suspicit
2593 1320 2799 1396 altis:

615 1456 898 1549 Dicite,
944 1456 1204 1532 felices
1239 1456 1526 1551 animm,
1574 1471 1833 1555 tuque,
1879 1457 2162 1558 optime
2194 1469 2445 1550 vates3

618 1596 808 1682 Quae
841 1594 1054 1696 regio
1079 1595 1491 1688 Anchisen,
1538 1595 1700 1694 quis
1736 1596 1966 1671 habet
2000 1596 2255 1672 locus?
2308 1596 2505 1672 illius
2540 1622 2730 1698 ergo

616 1734 1006 1827 Venimus,
1054 1745 1132 1808 et
1166 1758 1482 1834 magnos
1517 1733 1744 1808 Erebi
1779 1734 2243 1810 tranavimus
2277 1758 2557 1810 amnes.

613 1875 869 1973 Atque
901 1873 1080 1948 huic
1111 1897 1548 1973 responsum
1583 1873 1842 1972 paucis
1876 1873 1985 1948 ita
2018 1873 2349 1949 reddidit
2386 1875 2643 1952 heros:

617 2011 836 2088 Nulli
873 2026 1084 2088 certa
1117 2012 1420 2104 domus3
1478 2013 1668 2087 lucis
1702 2012 2127 2096 habitamus
2162 2012 2437 2113 opacis,

613 2151 1124 2251 Riparumque
1157 2165 1358 2226 toros
1395 2165 1476 2226 et
1507 2165 1724 2252 prata
1757 2152 2096 2227 recentia
2128 2151 2307 2228 rivis

614 2290 1066 2366 Incolimus:
1123 2289 1254 2364 sed
1287 2315 1440 2383 vos,
1487 2291 1547 2364 si
1581 2289 1732 2365 fert
1771 2291 1880 2366 ita
1912 2289 2139 2368 corde
2174 2292 2548 2383 voluntas,

617 2428 788 2503 Hoc
823 2439 1168 2527 superate
1191 2426 1468 2529 jugum
1486 2457 1506 2520 ;
1567 2441 1645 2503 et
1677 2427 1884 2503 facili
1912 2427 2073 2528 jam
2107 2429 2413 2504 tramite
2444 2429 2723 2505 sistam.

613 2568 860 2662 Dixit,
905 2582 982 2643 et
1017 2582 1196 2644 ante
1230 2570 1408 2644 tulit
1441 2581 1800 2669 gressum,
1849 2595 2299 2668 camposque
2334 2569 2666 2650 nitentes

614 2706 965 2812 Desuper
988 2718 1357 2782 ostentat:
1401 2706 1678 2782 dehinc
1710 2733 2003 2782 summa
2032 2706 2434 2782 cacumina
2459 2707 2835 2808 linquunt.

765 2845 872 2920 At
903 2857 1122 2945 pater
1153 2845 1522 2920 Anchises
1557 2847 1860 2945 penitus
1897 2846 2244 2921 convalle
2278 2846 2557 2921 virenti

615 2983 956 3060 Inclusas
993 2985 1301 3078 animas,
1345 3010 1846 3085 superumque
1883 2984 1980 3058 ad
2016 2986 2275 3060 lumen
2308 2984 2565 3075 ituras,

613 3122 1020 3198 Lustrabat
1053 3123 1304 3198 studio
1338 3125 1715 3214 recolens;
1775 3119 2226 3221 omnemque
2264 3147 2571 3198 suorum

614 3261 833 3336 Forte
866 3261 1310 3336 recensebat
1343 3286 1766 3353 numerum,
1816 3285 2174 3360 carosque
2208 3274 2543 3361 nepoteS,

613 3397 965 3499 Fataque,
1009 3398 1500 3498 fortunasque
1535 3400 1800 3492 virum,
1845 3425 2259 3499 moresque,
2304 3424 2741 3498 manusque.

616 3537 838 3638 Isque
875 3539 1004 3613 ubi
1040 3537 1482 3614 tendentem
1522 3539 1919 3613 adversum
1953 3563 2089 3639 per
2121 3537 2469 3638 gramina
2501 3538 2694 3613 vidit

610 3679 927 3770 AEnean,
975 3679 1242 3752 alacris
1273 3679 1558 3778 palmas
1595 3691 1949 3777 utrasque
1985 3677 2350 3768 tetendit3

611 3816 1031 3915 Effusaeque
1067 3816 1282 3917 genis
1316 3818 1664 3916 lacrymae
1680 3844 1702 3907 3
1763 3827 1842 3891 et
1876 3841 2029 3891 vox
2066 3815 2354 3891 excidit
2388 3839 2555 3890 ore:

611 3956 909 4031 Venisti
940 3956 1274 4049 tandem,
1317 3968 1596 4056 tuaque
1631 3969 1975 4056 spectata
2008 3955 2305 4054 parenti

611 4094 822 4168 Vicit
859 4095 1004 4170 iter
1037 4095 1310 4170 durum
1344 4095 1624 4195 pietas!
1681 4095 1907 4170 datur
1940 4119 2073 4169 ora
2104 4095 2322 4186 tueri,

611 4233 841 4325 Nate,
889 4245 1042 4326 tua,
1089 4247 1168 4308 et
1201 4245 1419 4309 notas
1457 4233 1716 4308 audire
1753 4246 1832 4308 et
1866 4233 2181 4308 reddere
2217 4236 2475 4308 voces!
2633 4329 2637 4334 q

610 4371 728 4446 Sic
767 4371 1116 4470 equidem
1151 4372 1522 4446 ducebam
1559 4371 1814 4446 animo
1846 4371 2213 4470 rebarque
2246 4370 2611 4464 futurum,

609 4509 982 4610 Tempora
1013 4510 1500 4586 dinumerans
1519 4539 1539 4600 ;
1596 4535 1742 4584 nec
1778 4535 1905 4584 me
1936 4533 2109 4582 mea
2142 4534 2324 4584 cura
2356 4507 2646 4584 fefellit.

611 4648 820 4734 Quas
858 4673 1002 4750 ego
1037 4660 1114 4724 te
1149 4663 1384 4724 terras
1423 4661 1500 4725 et
1535 4662 1822 4748 quanta
1855 4673 1991 4748 per
2023 4671 2318 4746 aequora
2347 4658 2657 4722 vectum
