3792 6234
696 1009 763 1058 v.
800 987 969 1058 514.
1445 981 1837 1059 LIBER
1931 981 2112 1059 VII.
2755 995 2854 1072 93

699 1179 1178 1256 Contremuit
1210 1204 1495 1275 nemuS,
1540 1193 1619 1255 et
1650 1179 1873 1279 sylvae
1909 1181 2304 1257 intonuere
2338 1180 2744 1282 profundae.

695 1317 961 1393 Audiit
997 1333 1073 1393 et
1103 1318 1371 1394 Triviae
1404 1321 1631 1418 longe
1664 1321 1870 1394 lacus
1888 1347 1912 1412 ;
1968 1319 2208 1394 audiit
2244 1319 2484 1394 amnis

698 1455 1043 1532 Sulfurea
1068 1456 1237 1531 Nar
1270 1457 1478 1532 albus
1516 1482 1726 1555 aqua,
1770 1457 2168 1556 fontesque
2195 1457 2492 1548 Velini3

700 1595 800 1669 Et
833 1593 1137 1695 trepidae
1174 1607 1449 1668 matres
1482 1617 1811 1693 pressere
1846 1596 1946 1668 ad
1979 1605 2286 1694 pectora
2317 1607 2558 1670 natos.

696 1733 891 1806 Tum
923 1757 1103 1807 vero
1138 1732 1233 1808 ad
1268 1756 1530 1807 vocem
1566 1733 1865 1826 celeres,
1911 1757 2060 1831 qua
2089 1732 2416 1808 buccina
2447 1733 2752 1833 signum

700 1869 888 1946 Dira
920 1869 1149 1962 dedit,
1192 1870 1423 1970 raptis
1459 1881 1928 1962 concurrunt
1959 1869 2290 1967 undique
2325 1871 2492 1946 telis

701 2007 1063 2082 Indomiti
1098 2008 1477 2108 agricolae3
1534 2033 1680 2082 nec
1714 2033 1867 2082 non
1905 2019 1987 2082 et
2008 2007 2232 2082 Troia
2261 2010 2496 2108 pubes

698 2145 1027 2220 Ascanio
1062 2145 1425 2220 auxilium
1462 2146 1719 2220 castris
1757 2145 2080 2220 effundit
2117 2147 2414 2246 apertis.

700 2282 1069 2358 Direxere
1104 2283 1343 2358 acies:
1394 2307 1551 2357 non
1574 2280 1735 2381 jam
1772 2282 2186 2357 certamine
2222 2283 2518 2383 agresti,

701 2420 1085 2522 stipitibus
1120 2420 1323 2496 duris
1359 2420 1631 2521 agitur,
1678 2419 2077 2496 sudibusve
2111 2421 2484 2519 praeustis;

702 2559 843 2634 Sed
876 2557 1077 2634 ferro
1108 2558 1421 2658 ancipiti
1456 2558 1901 2650 decernunt,
1950 2571 2256 2656 atraque
2288 2559 2442 2632 late

703 2696 1093 2771 Horrescit
1122 2697 1399 2772 strictis
1432 2721 1644 2796 seges
1678 2695 1998 2788 ensibuS,
2045 2721 2334 2795 aeraque
2365 2697 2670 2798 fulgent

703 2835 867 2909 Sole
901 2835 1265 2926 lacessita,
1290 2807 1391 2908 et
1424 2836 1671 2909 lucem
1706 2835 1845 2909 sub
1880 2835 2140 2909 nubila
2159 2833 2498 2933 jactant:

697 2971 1003 3048 Fluctus
1038 2973 1151 3048 uti
1186 2971 1427 3071 primo
1462 2973 1687 3072 coepit
1716 2998 1948 3070 quum
1990 2973 2366 3048 albescere
2402 2985 2652 3069 vente,

704 3109 1074 3185 Paulatim
1108 3135 1265 3185 sese
1299 3111 1500 3185 tollit
1530 3135 1761 3202 mare,
1808 3123 1885 3184 et
1919 3111 2140 3185 altius
2179 3111 2417 3186 undas

702 3247 967 3348 Erigit,
1015 3247 1194 3322 inde
1228 3248 1380 3322 imo
1416 3247 1806 3347 consurgit
1839 3247 1934 3322 ad
1969 3249 2246 3322 aethera
2278 3247 2538 3323 fundo.

705 3385 850 3460 Hic
873 3385 1173 3486 juvenis
1209 3387 1524 3486 primam
1558 3397 1737 3461 ante
1772 3386 2034 3479 aciem,
2079 3385 2442 3462 stridente
2479 3387 2774 3487 sagitta,

702 3524 1080 3598 Natorum
1107 3523 1425 3622 Tyrrhei
1454 3523 1703 3598 fuerat
1738 3523 1867 3622 qui
1898 3523 2293 3616 maxim-us,
2338 3525 2560 3600 Almo

703 3661 1111 3736 Sternitur:
1166 3661 1377 3736 haesit
1413 3661 1615 3736 enim
1650 3661 1787 3736 sub
1823 3672 2134 3762 gutture
2164 3663 2457 3756 vulnus,
2505 3676 2583 3738 et
2619 3662 2782 3738 udae

706 3799 933 3875 Vocis
969 3800 1113 3874 iter
1148 3811 1603 3898 tenuemque
1637 3800 1944 3874 inclusit
1979 3799 2346 3900 sanguine
2380 3801 2635 3876 vitam.

709 3937 1041 4037 Corpora
1074 3940 1315 4012 multa
1346 3938 1589 4012 virum
1626 3938 1864 4028 circa3
1924 3939 2317 4037 seniorque
2345 3939 2699 4033 Galaesus,

707 4075 911 4150 Dum
944 4076 1113 4174 paci
1146 4075 1478 4150 medium
1514 4101 1591 4150 se
1626 4075 1849 4150 offert
1865 4104 1885 4167 ;
1931 4073 2381 4174 justissimus
2415 4103 2610 4151 unus

706 4213 863 4300 Qui
897 4213 1065 4307 fuit,
1108 4214 1605 4312 Ausoniisque
1640 4213 1817 4288 olim
1836 4213 2256 4288 ditissimus
2291 4215 2521 4290 arvis:

706 4351 1065 4449 Quinque
1101 4375 1367 4452 greges
1405 4351 1511 4426 illi
1545 4352 1956 4445 balantum,
2002 4352 2232 4450 quina
2266 4351 2616 4426 redibant

708 4493 1093 4583 Armenta,
1140 4503 1219 4564 et
1250 4503 1524 4565 terram
1564 4502 1873 4565 centum
1907 4491 2250 4566 vertebat
2284 4492 2564 4564 aratris.

852 4630 1107 4728 Atque
1138 4653 1226 4704 ea
1252 4653 1387 4729 per
1414 4653 1713 4730 campos
1748 4653 1956 4728 aequo
1981 4628 2163 4704 dum
2189 4628 2442 4704 Marte
2469 4639 2857 4727 geruntur,
