3792 6234
906 985 1045 1053 150
1760 971 2198 1050 AENEIS.
2785 997 2854 1047 v,
2895 981 3060 1050 381.

896 1173 1242 1265 Horrida,
1290 1198 1509 1272 quam
1546 1171 1761 1248 densi
1798 1143 2268 1274 complerant
2301 1169 2636 1271 undique
2673 1139 2964 1263 sentes,

894 1313 1263 1412 Raraper
1294 1313 1629 1387 occultos
1667 1312 1972 1387 lucebat
2007 1311 2276 1386 semita
2311 1311 2556 1387 calles·

892 1451 1303 1552 Euryalum
1339 1450 1668 1526 tenebrae
1700 1475 2079 1526 ramorum
2115 1475 2576 1550 onerosaque
2609 1449 2858 1550 praeda

894 1590 1369 1690 Impediunt3
1425 1588 1769 1689 fallitque
1804 1590 2033 1665 timor
2063 1589 2376 1690 regione
2409 1589 2722 1664 viarum.
2835 1649 2840 1654 .

894 1729 1126 1804 Nisus
1164 1728 1357 1804 abit:
1403 1726 1713 1828 jamque
1750 1727 2184 1828 imprudens
2221 1741 2558 1804 evaserat
2591 1729 2864 1820 hosteS,

890 1867 1015 1944 Ad
1050 1868 1257 1944 lucos
1295 1868 1423 1966 qui
1458 1880 1644 1968 post,
1691 1866 1902 1942 Albae
1937 1866 2032 1942 de
2068 1868 2398 1960 nomine,
2445 1867 2634 1941 dicti

890 2006 1207 2099 Albani3
1266 2018 1429 2082 turn
1464 2032 1601 2082 rex
1637 2005 1931 2082 stabula
1966 2006 2119 2080 alta
2155 2005 2469 2080 Latinus
2505 2004 2852 2080 habebat.

893 2146 1007 2222 Ut
1038 2147 1271 2238 stetit,
1316 2159 1396 2220 et
1428 2145 1709 2221 frustra
1742 2145 2131 2220 absentem
2166 2145 2500 2245 respexit
2535 2144 2902 2220 amicum:

895 2285 1242 2384 Euryale,
1289 2283 1558 2359 infelix
1594 2309 1744 2382 qua
1777 2297 1856 2358 te
1888 2283 2204 2383 regione
2239 2282 2551 2382 reliqui?

893 2423 1161 2510 Quave
1188 2423 1498 2522 sequar?
1542 2423 1823 2497 Rursus
1846 2422 2290 2521 perplexum
2313 2421 2460 2496 iter
2477 2445 2704 2496 omne
2731 2421 3120 2497 revolvens

893 2561 1205 2636 Fallacis
1247 2562 1491 2660 sylvae,
1536 2560 1759 2635 simul
1794 2573 1872 2636 et
1909 2561 2230 2662 vestigia
2264 2573 2468 2636 retro

892 2699 1309 2775 Observata
1341 2699 1549 2800 legit,
1598 2699 1991 2798 dumisque
2024 2699 2416 2774 silentibus
2453 2711 2673 2774 errat.

889 2837 1129 2914 Audit
1164 2862 1412 2937 equos,
1462 2837 1673 2913 audit
1707 2839 2058 2939 strepitus
2097 2853 2176 2914 et
2209 2840 2430 2940 signa
2463 2852 2935 2939 sequentum.

892 2977 1066 3052 Nec
1096 2977 1409 3078 longum
1440 2977 1516 3051 in
1557 2978 1805 3052 medio
1834 2990 2151 3079 tempus,
2185 3004 2415 3078 quum
2446 2979 2731 3054 clamor
2757 2977 2852 3054 ad
2883 3003 3098 3055 aures

893 3115 1287 3209 Pervenit3
1332 3141 1421 3191 ac
1443 3117 1651 3192 videt
1674 3117 2106 3216 Euryalum,
2133 3143 2356 3217 quem
2368 3115 2531 3215 jam
2555 3139 2824 3192 manus
2845 3118 3108 3212 omniS,

892 3255 1181 3332 Fraude
1219 3256 1365 3330 loci
1402 3269 1482 3332 et
1513 3255 1779 3350 noctiS,
1826 3255 2075 3331 subito
2109 3257 2466 3331 turbante
2501 3257 2858 3350 tumultu,

893 3395 1347 3495 Oppressum
1384 3397 1581 3496 rapit
1616 3407 1692 3470 et
1728 3410 2135 3470 conantem
2171 3395 2494 3494 plurima
2525 3395 2823 3470 fmstra.

893 3534 1101 3621 Quid
1136 3534 1415 3610 faciat?
1468 3560 1617 3634 qua
1648 3534 1723 3610 vi
1748 3533 2133 3633 juvenem,
2179 3532 2448 3632 quibus
2484 3534 2762 3609 audeat
2793 3533 3016 3608 armis

891 3671 1244 3773 Eripere?
1297 3698 1395 3747 an
1432 3697 1590 3747 sese
1625 3672 1910 3749 medios
1946 3671 2350 3748 moriturus
2387 3673 2466 3748 in
2504 3697 2717 3748 enses

892 3811 1207 3904 Inferat,
1254 3824 1333 3886 et
1368 3813 1757 3911 pulchram
1796 3811 2146 3912 properet
2176 3837 2314 3912 per
2344 3814 2662 3887 vulnera
2693 3812 3062 3892 mortem?
3137 3835 3148 3847 ·

894 3949 1125 4025 Ocius
1163 3949 1493 4024 adducto
1527 3959 1883 4047 torquens
1923 3950 2191 4026 hastile
2228 3951 2534 4044 lacert0‚

895 4087 1317 4188 Suspiciens
1354 4089 1583 4163 altam
1618 4091 1898 4182 lunam,
1945 4089 2053 4163 sic
2087 4114 2272 4164 voce
2305 4103 2695 4189 precatur:

889 4226 1030 4320 Tu,
1078 4225 1241 4320 dea,
1290 4241 1375 4302 tu
1409 4251 1727 4326 praesens
1762 4238 2019 4306 nostro
2055 4252 2410 4328 succurre
2445 4227 2704 4322 labori,

893 4367 1291 4448 Astrorum
1326 4365 1577 4459 decue,
1626 4379 1704 4440 et
1736 4391 2129 4441 nemorum
2167 4365 2489 4442 Latonia
2523 4381 2794 4442 custos.

896 4505 967 4579 Si
1004 4531 1153 4604 qua
1186 4505 1335 4582 tuis
1371 4529 1727 4604 umquam
1761 4529 1895 4604 pro
1931 4529 2051 4578 me
2087 4517 2300 4604 pater
2337 4506 2718 4605 Hyrtacus
2755 4505 2899 4582 aris

894 4643 1121 4720 Dona
1154 4645 1331 4722 tulit
1349 4673 1369 4736 ;
1427 4645 1489 4720 si
1522 4669 1673 4743 qua
1706 4644 1861 4746 ipse
1896 4643 2078 4720 meis
2114 4644 2511 4722 venatibus
2549 4645 2750 4740 auxi,
