3792 6234
917 940 1014 1005 20
1776 922 2214 999 AENEIS.
2620 980 2628 988 .
2807 942 2875 992 v.
2914 898 3083 999 477⁷.

917 1124 1075 1213 Qui
1113 1122 1396 1199 donum
1434 1120 1782 1197 adstabat
1814 1146 2089 1221 pugnae
2106 1149 2125 1212 ;
2183 1118 2556 1216 durosque
2590 1116 2907 1191 reducta

917 1262 1257 1339 Libravit
1289 1262 1564 1335 dextra
1599 1260 1848 1335 media
1881 1260 2086 1334 inter
2118 1282 2404 1333 cornua
2440 1268 2685 1331 cestus

916 1401 1242 1493 Arduus,
1289 1400 1750 1497 effractoque
1785 1397 1993 1473 illisit
2028 1397 2106 1471 in
2144 1421 2307 1471 ossa
2338 1396 2669 1471 cerebr0.

919 1538 1314 1631 Sternitur,
1357 1536 1872 1634 exanimisque
1900 1542 2231 1611 tremens
2256 1534 2685 1634 'procumbit
2712 1533 2921 1607 humi
2948 1532 3101 1605 bos,

919 1680 1062 1754 Ille
1093 1703 1318 1778 super
1349 1677 1535 1751 tales
1571 1676 1901 1750 effundit
1933 1687 2239 1774 pectore
2274 1698 2534 1749 voces:

919 1818 1145 1892 Hanc
1173 1816 1335 1908 tibi,
1361 1814 1594 1913 Eryx,
1619 1814 2007 1887 meliorem
2036 1813 2365 1887 animam
2390 1836 2522 1911 pro
2544 1822 2785 1886 morte
2808 1808 3111 1884 Daretis

919 1956 1306 2030 Persolvo:
1361 1953 1486 2027 hic
1518 1951 1766 2027 victor
1799 1962 2047 2025 cestus
2085 1963 2470 2049 artemque
2504 1973 2806 2049 repono.

1069 2092 1438 2166 Protenus
1473 2090 1748 2164 AEneas
1784 2088 2011 2164 celeri
2048 2100 2339 2163 certare
2374 2089 2650 2188 sagitta

921 2231 1212 2306 Invitat
1246 2229 1374 2328 qui
1409 2226 1606 2304 forte
1639 2229 1881 2303 velint
1898 2257 1920 2320 ;
1979 2240 2058 2302 et
2093 2228 2392 2327 praemia
2426 2227 2678 2326 ponit:

925 2368 1385 2469 Ingentique
1420 2392 1652 2441 manu
1689 2368 1973 2441 malum
2006 2365 2103 2441 de
2136 2352 2331 2441 nave
2368 2364 2639 2439 Seresti

922 2506 1208 2607 Erigit3
1268 2518 1346 2581 et
1378 2505 1762 2579 volucrem
1798 2502 2117 2601 trajecto
2154 2504 2233 2577 in
2268 2502 2453 2577 fune
2489 2502 2933 2592 columbam,

927 2646 1104 2731 Quo
1139 2643 1464 2718 tendant
1495 2642 1798 2735 ferrum,
1845 2642 2045 2716 malo
2079 2641 2467 2741 suspendit
2504 2641 2597 2715 ab
2634 2642 2811 2715 alt0.
2936 2662 2940 2666 ·

929 2784 1377 2859 Convenere
1411 2781 1572 2873 viri,
1622 2777 2142 2879 dejectamque
2178 2806 2369 2855 aerea
2402 2792 2679 2855 sortem

924 2921 1246 3020 Accepit
1279 2922 1532 3020 galea:
1591 2931 1670 2995 et
1703 2920 1987 3021 primus
2022 2921 2346 2995 clamore
2382 2919 2715 2995 secundo

929 3058 1364 3159 Hyrtacidae
1399 3071 1578 3133 ante
1614 3084 1872 3133 omnes
1912 3058 2073 3133 exit
2105 3059 2314 3133 locus
2354 3056 2934 3158 Hippocoontis:

929 3166 1182 3285 Quem
1217 3198 1443 3272 modo
1478 3199 1728 3273 navali
1763 3198 2208 3273 Mnestheus
2245 3199 2659 3273 certamine
2692 3197 2937 3271 victor

933 3336 1460 3435 Consequitur,
1507 3336 1726 3409 viridi
1763 3336 2212 3411 Mnestheus
2248 3337 2591 3412 evinctus
2627 3336 2841 3411 oliva.

927 3474 1225 3549 Tertius
1261 3474 1652 3573 Eurytion,
1701 3488 1898 3566 tuus,
1943 3499 1989 3548 o
2025 3474 2449 3567 clarissime,
2494 3474 2748 3566 frater,

931 3612 1294 3705 Pandare,
1343 3612 1471 3710 qui
1505 3612 1909 3710 quondam,
1959 3612 2211 3710 jussus
2246 3611 2715 3687 confundere
2748 3609 3008 3704 foedus,

933 3750 1026 3823 In
1061 3749 1344 3825 medios
1381 3752 1618 3825 telum
1656 3751 1933 3825 torsisti
1968 3751 2250 3849 primus
2285 3751 2632 3826 Achivos,

932 3888 1334 3963 Extremus
1370 3890 1734 3989 galeaque
1773 3888 1925 3961 ima
1956 3888 2291 3963 subsedit
2322 3890 2672 3980 Acestes3

933 4028 1182 4101 Ausus
1217 4040 1294 4101 et
1328 4026 1483 4126 ipse
1519 4052 1750 4101 manu
1775 4025 2145 4125 juvenum
2180 4040 2476 4103 tentare
2508 4028 2859 4107 laborem.

932 4164 1126 4238 Tum
1160 4164 1424 4238 validis
1459 4164 1694 4241 flexos
1727 4165 2135 4239 incurvant
2168 4166 2447 4241 viribus
2484 4192 2700 4241 arcus

935 4302 1077 4375 Pro
1113 4326 1189 4375 se
1225 4275 1534 4400 quisque
1569 4301 1732 4395 viri,
1780 4317 1858 4377 et
1893 4303 2348 4401 depromunt
2382 4305 2533 4379 tela
2565 4302 2970 4404 pharetris:

935 4440 1328 4537 Primaque
1363 4464 1498 4539 per
1533 4440 1800 4514 coelum
1837 4465 2072 4515 nervo
2106 4440 2471 4517 stridente
2505 4442 2782 4541 sagitta

937 4578 1370 4679 Hyrtacidae
1390 4577 1694 4676 juvenis
1729 4580 2070 4654 volucres
2105 4578 2530 4655 diverberat
2566 4604 2801 4671 auraS,
