3792 6234
929 952 1075 1025 216
1789 948 2221 1025 AENEIS.
2809 978 2876 1026 v·
2918 960 3085 1027 332.

929 1148 1256 1223 Munera
1289 1154 1668 1248 portantes
1705 1150 2013 1247 aurique
2048 1146 2435 1245 eborisque
2470 1147 2775 1239 talenta,

927 1286 1025 1359 Et
1059 1288 1310 1360 sellam
1351 1286 1567 1385 regni
1605 1286 2085 1385 trabeamque
2121 1286 2447 1385 insignia
2478 1288 2733 1361 nostri.

929 1424 1316 1499 Consulite
1355 1425 1430 1498 in
1468 1426 1820 1517 medium,
1869 1438 1946 1499 et
1980 1425 2199 1499 rebus
2238 1426 2649 1499 succurrite
2684 1423 2911 1499 fessis.

1070 1564 1262 1636 Tum
1299 1564 1639 1637 Drances
1677 1564 1870 1637 idem
1912 1561 2265 1655 infensus,
2313 1586 2535 1661 quem
2568 1563 2807 1662 gloria
2832 1563 3071 1637 Turni

925 1701 1248 1800 Obliqua
1282 1700 1564 1775 invidia
1597 1700 2059 1799 stimulisque
2094 1700 2432 1800 agitabat
2468 1702 2754 1791 arnariS‚

925 1840 1210 1940 Largus
1245 1864 1492 1938 opum,
1539 1852 1616 1913 et
1651 1840 1913 1939 lingua
1945 1838 2226 1931 melior,
2272 1840 2401 1913 sed
2436 1837 2715 1937 frigida
2750 1838 2941 1912 bello

923 1979 1283 2068 Dextera,
1329 1976 1652 2051 consiliis
1689 1977 1985 2051 habitus
2024 2002 2175 2051 non
2210 1976 2445 2051 futilis
2481 1990 2765 2068 auctor,

923 2115 1300 2189 Seditione
1337 2128 1638 2213 potens;
1699 2142 1938 2214 genus
1975 2115 2151 2189 huic
2189 2128 2529 2190 materna
2562 2115 2961 2214 superbum

924 2253 1300 2326 Nobilitas
1333 2254 1582 2345 dabat,
1631 2253 2005 2327 incertum
2042 2255 2137 2327 de
2172 2266 2383 2351 patre
2418 2253 2803 2344 ferebant3

921 2392 1192 2490 Surgit,
1241 2404 1318 2464 et
1353 2391 1464 2465 his
1500 2403 1764 2466 onerat
1800 2390 2022 2464 dictis
2058 2402 2281 2489 atque
2319 2405 2634 2490 aggerat
2671 2392 2851 2465 iras:

1068 2530 1256 2603 Rem
1293 2529 1479 2603 nulli
1515 2529 1926 2620 obscuram,
1976 2542 2243 2603 nostrae
2286 2554 2431 2603 nec
2466 2530 2666 2603 vocis
2704 2540 3076 2629 egentem,

925 2668 1289 2758 Consulis,
1337 2692 1382 2739 o
1416 2666 1609 2740 bone
1643 2692 1818 2740 rex:
1875 2667 2133 2740 cuncti
2170 2692 2247 2741 se
2284 2667 2473 2741 scire
2508 2665 2847 2741 fatentur

922 2805 1129 2890 Quid
1162 2804 1468 2878 fortuna
1501 2802 1694 2877 ferat
1729 2804 1980 2904 populi
1998 2833 2019 2895 ;
2079 2804 2206 2879 sed
2244 2806 2493 2879 dicere
2528 2818 2887 2879 mussant.
2952 2828 2961 2839 ·

922 2942 1077 3017 Det
1114 2942 1534 3015 libertatem
1569 2941 1802 3035 fandi,
1849 2943 2215 3041 flatusque
2252 2943 2608 3034 remittat,

924 3078 1155 3179 Cujus
1192 3080 1286 3154 ob
1323 3080 1731 3179 auspicium
1771 3078 2179 3154 infaustum
2216 3103 2604 3178 moresque
2639 3078 2971 3155 sinistros

927 3220 1236 3316 (Dicam
1273 3218 1639 3318 equidem,
1687 3218 1867 3293 licet
1904 3244 2109 3292 arma
2142 3219 2327 3293 mihi
2361 3232 2825 3317 mortemque
2860 3220 3095 3295 mine-

1070 3361 1265 3455 tun)

923 3495 1241 3569 Lumina
1278 3509 1392 3569 tot
1429 3496 1782 3570 cecidisse
1819 3494 2119 3585 ducum,
2168 3506 2554 3593 totamque
2587 3493 2923 3569 videmus

924 3633 1364 3707 Consedisse
1401 3634 1660 3707 urbem
1704 3634 1935 3723 luctu,
1984 3633 2163 3705 dum
2192 3633 2413 3705 Troia
2447 3644 2694 3707 tentat

929 3772 1212 3863 Castra,
1259 3770 1456 3871 fugae
1490 3770 1745 3862 fidens,
1797 3782 1873 3843 et
1911 3770 2175 3843 coelum
2212 3771 2507 3844 territat
2546 3770 2787 3845 armis,

921 3908 1177 3982 Unum
1217 3907 1441 3981 etiam
1477 3906 1691 3980 donis
1730 3906 1907 3999 istis,
1954 3934 2114 4005 quae
2149 3909 2466 4008 plurima
2501 3909 2700 3982 mitti

921 4044 1376 4119 Dardanidis
1412 4044 1708 4141 dicique
1732 4043 1975 4143 jubeS,
2021 4072 2279 4139 unum,
2326 4046 2605 4146 optime
2641 4042 2926 4147 regum,

921 4182 1286 4281 Adjicias3
1345 4207 1488 4256 nec
1525 4196 1602 4257 te
1639 4184 1858 4257 ullius
1894 4185 2255 4258 violentia
2286 4185 2563 4276 vincat,

923 4322 1130 4407 Quin
1166 4332 1474 4421 gnatam
1513 4321 1818 4420 egregio
1851 4346 2133 4420 genero
2168 4322 2564 4422 dignisque
2600 4320 3001 4420 hymenaeis

921 4462 1098 4550 DeS,
1145 4472 1375 4558 pater,
1425 4471 1500 4533 et
1537 4483 1798 4558 pacem
1833 4461 2031 4533 hanc
2066 4474 2344 4534 aeterno
2378 4458 2652 4533 foedere
2674 4459 2977 4559 jungas·

924 4600 1147 4685 Quod
1184 4599 1243 4673 si
1279 4611 1534 4673 tantus
1569 4598 1796 4673 habet
1828 4612 2119 4674 mentes
2156 4612 2233 4673 et
2268 4612 2573 4698 pectora
2606 4612 2863 4691 terror,
