3792 6234
872 997 962 1061 82
1679 966 2169 1057 'AENEIS.
2376 978 2387 989 ·
2757 1003 2825 1055 v.
2864 986 3029 1054 230.

866 1184 1049 1261 Non
1089 1183 1360 1258 erimus
1398 1207 1634 1281 regno
1670 1180 2098 1270 indecores3
2156 1202 2301 1253 nec
2336 1189 2585 1252 vestra
2619 1176 2909 1251 feretur

865 1320 1092 1395 Fama
1124 1322 1328 1413 levi3‚
1374 1319 1663 1394 tantive
1701 1318 2079 1391 abolescet
2115 1316 2361 1415 gratia
2394 1314 2621 1405 facti;

860 1461 1033 1535 Nec
1065 1458 1364 1558 Trojam
1402 1456 1770 1532 Ausonios
1804 1457 2093 1556 gremio
2130 1454 2511 1553 excepisse
2547 1452 2858 1553 pigebit.

867 1598 1052 1671 Fata
1087 1622 1219 1696 per
1245 1596 1496 1671 AEneae
1517 1594 1713 1693 jum,
1762 1594 2257 1690 dextramque
2294 1604 2707 1691 potentem,

866 1736 1033 1810 Sive
1067 1736 1234 1828 fide,
1280 1758 1411 1808 seu
1447 1734 1609 1832 quis
1645 1733 1842 1806 bello
1879 1743 1992 1805 est
2030 1744 2382 1829 expertus
2420 1742 2498 1804 et
2533 1729 2793 1819 armis3

866 1872 1099 1947 Multi
1136 1898 1271 1945 nos
1305 1871 1580 1970 populi,
1629 1870 1884 1944 multae
1924 1870 2061 1965 (ne
2096 1880 2355 1942 temne
2390 1867 2589 1966 quod
2628 1867 2825 1941 ultro

866 2009 1331 2084 Praeferimus
1366 2007 1710 2082 manibus
1745 2007 1971 2081 vittas
2015 2030 2103 2080 ac
2139 2006 2367 2080 verba
2402 2004 2829 2103 precantia)

867 2149 968 2222 Et
1001 2148 1286 2247 petiere
1321 2146 1462 2220 sibi
1497 2159 1574 2221 et
1607 2147 1911 2220 voluere
1947 2142 2361 2243 adjungere
2396 2154 2683 2242 gentes,

867 2286 1012 2359 Sed
1047 2310 1182 2359 nos
1215 2284 1376 2359 fata
1408 2284 1632 2358 defim
1669 2297 1951 2357 vestras
1988 2282 2383 2380 exquirere
2418 2293 2653 2354 terras

868 2422 1209 2522 Imperiis
1246 2447 1468 2521 egere
1505 2422 1676 2495 suis.
1787 2420 1995 2494 Hinc
2034 2420 2436 2494 Dardanus
2472 2434 2677 2493 ortus

869 2563 1046 2635 Huc
1082 2560 1392 2659 repetit3
1439 2558 1811 2657 jussisque
1848 2557 2285 2657 ingentibus
2318 2570 2544 2657 urget
2579 2555 2849 2655 Apollo

867 2698 1342 2797 Tyrrhenum
1379 2697 1473 2771 ad
1501 2696 1864 2795 Thybrim
1895 2709 1973 2770 et
1998 2696 2229 2769 fontis
2258 2696 2454 2769 vada
2488 2720 2702 2770 sacra
2730 2695 3062 2770 Numici.

871 2836 1038 2911 Dat'
1063 2837 1201 2911 tibi
1238 2848 1594 2935 praeterea
1625 2834 1949 2909 fortunae
1983 2860 2213 2933 parva
2244 2834 2505 2934 prioris

872 2975 1220 3066 Munera,
1269 2973 1642 3071 relliquias
1670 2972 1895 3071 Troja
1932 2999 2028 3047 ex
2066 2974 2380 3047 ardente
2415 2985 2776 3072 receptas.

874 3114 1044 3188 Hoc
1077 3126 1292 3213 pater
1323 3112 1690 3186 Anchises
1725 3136 1907 3186 auro
1942 3111 2226 3185 libabat
2264 3113 2359 3185 ad
2397 3136 2595 3185 aras:

873 3254 1044 3326 Hoc
1081 3252 1354 3326 Priami
1390 3264 1782 3351 gestamen
1821 3264 2003 3343 erat,
2050 3277 2282 3349 quum
2305 3249 2482 3350 jura
2514 3250 2799 3325 vocatis

875 3391 1094 3466 More
1129 3391 1343 3465 daret
1378 3391 1708 3489 populis;
1767 3400 2318 3487 sceptrumque,
2366 3414 2723 3487 sacerque
2756 3389 3003 3483 tiaras,

875 3529 1347 3631 Iliadumque
1383 3529 1591 3602 labor
1625 3539 1890 3602 vestes·
2484 3517 2489 3525 Β

1020 3668 1325 3743 Talibus
1364 3666 1633 3741 Ilionei
1669 3666 1912 3757 dictis,
1960 3665 2210 3739 defixa
2246 3664 2557 3739 Latinus

875 3804 1172 3880 Obtutu
1205 3818 1419 3879 tenet
1453 3829 1602 3897 ora,
1651 3806 1953 3902 soloque
1990 3804 2387 3877 immobilis
2424 3805 2672 3897 haeret,

875 3944 1224 4018 Intentos
1259 3944 1566 4017 volvens
1601 3944 1894 4016 oculos:
1954 3967 2098 4016 nec
2132 3968 2463 4041 purpura
2495 3968 2753 4043 regem

875 4081 1093 4155 Picta
1125 4095 1399 4171 movet,
1448 4104 1594 4154 nec
1629 4095 1927 4179 sceptra
1961 4094 2267 4155 movent
2303 4080 2670 4154 Priameia
2703 4093 3024 4173 tantum,

878 4218 1271 4305 Quantum
1308 4217 1387 4291 in
1425 4218 1807 4292 connubio
1841 4231 2037 4293 natae
2073 4220 2551 4317 thalamoque
2587 4232 2956 4295 moratur:

876 4358 977 4432 Et
1011 4356 1280 4431 veteris
1319 4356 1556 4430 Fauni
1589 4356 1824 4431 volvit
1859 4355 1997 4430 sub
2032 4369 2336 4457 pectore
2371 4372 2667 4432 sortem.

881 4496 1110 4570 Hunc
1147 4496 1359 4570 illum
1395 4495 1568 4569 fatis
1607 4505 1927 4569 externa
1960 4496 2052 4568 ab
2089 4496 2263 4570 sede
2297 4496 2722 4595 profectum

881 4634 1236 4708 Portendi
1269 4658 1657 4734 generum,
1704 4632 2151 4734 paribusque
2189 4634 2265 4707 in
2305 4658 2543 4734 regna
2573 4634 2825 4708 vocari
