3792 6234
1032 887 1132 958 70
1892 871 2330 948 AENEIS.
2952 893 3023 941 v.
3064 866 3216 943 846,

1031 1074 1441 1150 Excudent
1477 1073 1601 1147 alii
1638 1070 2003 1171 spirantia
2034 1069 2331 1145 mollius
2365 1094 2530 1161 aera,

1031 1212 1280 1288 Credo
1316 1211 1664 1311 equidem
1683 1240 1703 1302 3
1760 1209 1969 1284 vivos
2004 1209 2295 1283 ducent
2328 1208 2425 1283 de
2457 1231 2848 1282 marmore
2882 1205 3176 1290 vultum

1027 1350 1377 1427 Orabunt
1415 1375 1675 1426 causas
1709 1348 2014 1440 melius3
2070 1348 2386 1446 coelique
2420 1360 2715 1422 meatus

1025 1490 1483 1565 Describent
1518 1488 1750 1580 radi0,
1799 1499 1877 1562 et
1912 1486 2304 1586 surgentia
2341 1486 2587 1560 sidera
2619 1486 2923 1560 dicent.

1021 1629 1140 1702 Tu
1177 1652 1439 1729 regere
1474 1627 1789 1727 imperio
1823 1627 2154 1727 populos,
2201 1625 2563 1717 Romane,
2610 1633 3025 1698 memento
3041 1648 3062 1711 ;

1025 1767 1163 1841 Hae
1199 1767 1338 1841 tibi
1374 1779 1600 1841 erunt
1637 1777 1857 1857 artes,
1904 1765 2257 1865 pacisque
2294 1764 2682 1863 imponere
2715 1786 3050 1852 morem,

1024 1904 1342 1979 Parcere
1377 1903 1753 2003 subjectis,
1803 1916 1880 1978 et
1917 1901 2294 1978 debellare
2329 1903 2707 2001 superbos

1173 2043 1292 2117 Sic
1329 2053 1544 2142 pater
1567 2041 1975 2132 Anchises;
2019 2053 2246 2140 atque
2275 2042 2433 2116 haec
2468 2041 2932 2114 mirantibus
2972 2034 3220 2110 addit:

1023 2179 1349 2280 Adspice
1387 2192 1473 2254 ut
1511 2180 1828 2280 insignis
1864 2179 2113 2278 spoliis
2153 2179 2561 2254 Marcellus
2598 2176 2871 2276 opimis

1025 2317 1484 2417 Ingreditur,
1527 2317 1922 2416 victorque
1958 2317 2154 2391 viros
2188 2316 2697 2417 supereminet
2732 2339 3031 2389 omnes.

1024 2455 1176 2530 Hic
1212 2479 1370 2529 rem
1409 2456 1847 2547 Romanam,
1897 2478 2178 2554 magno
2212 2454 2573 2529 turbante
2605 2454 2976 2545 tumultu,

1022 2592 1284 2683 Sistet3
1344 2617 1569 2691 eques
1602 2603 1894 2690 sternet
1928 2591 2214 2685 Poenos,
2255 2592 2713 2691 Gallumque
2749 2593 3120 2667 rebellem
3140 2618 3164 2678 ,-

1018 2730 1424 2828 Tertiaque
1459 2753 1669 2804 arma
1702 2730 1898 2829 patri
1931 2729 2340 2828 suspendet
2375 2743 2598 2829 capta
2627 2730 2985 2816 Quirino.

1020 2869 1274 2966 Atque
1309 2869 1430 2942 hic
1465 2870 1736 2943 AEneas
1778 2869 1972 2964 (una
2005 2892 2334 2967 namque
2369 2868 2478 2942 ire
2511 2868 2822 2943 videbat

1020 3005 1432 3106 Egregium
1469 3004 1714 3080 forma
1733 3004 2098 3104 juvenem
2136 3018 2214 3079 et
2246 3005 2717 3106 fulgentibus
2756 3007 3010 3099 armis»,

1022 3143 1166 3217 Sed
1201 3143 1409 3217 frons
1445 3145 1615 3218 laeta
1648 3168 1912 3244 parum
1948 3155 2028 3217 et
2064 3142 2363 3243 dejecto
2398 3144 2685 3218 lumina
2719 3145 3029 3242 vultu):

1025 3281 1236 3374 Quis,
1285 3294 1519 3382 pater,
1567 3283 1691 3356 ille
1728 3282 1972 3356 virum
2011 3283 2140 3380 qui
2176 3282 2284 3356 sic
2320 3283 2729 3356 comitatur
2759 3279 3128 3356 euntem?

1022 3419 1294 3493 Filius?
1349 3445 1548 3494 anne
1585 3420 1848 3519 aliquis
1885 3445 2167 3520 magna
2202 3420 2299 3495 de
2333 3420 2563 3521 stirpe
2596 3421 3012 3520 nepotum?

1026 3556 1180 3642 Qui
1219 3557 1571 3658 strepitus
1602 3559 1805 3633 circa
1833 3558 2236 3633 comitum!
2279 3570 2646 3656 quantum
2682 3559 2922 3633 instar
2959 3558 3040 3632 in
3070 3557 3228 3656 ipso

1171 3699 1321 3771 est!

1022 3832 1164 3908 Sed
1202 3859 1357 3908 nox
1393 3847 1558 3908 atra
1593 3851 1822 3934 caput
1856 3834 2052 3908 tristi
2090 3834 2585 3909 circumvolat
2618 3834 2905 3908 umbra.

1021 3971 1215 4046 Tum
1253 3984 1467 4071 pater
1496 3974 1866 4047 Anchises
1903 3972 2254 4071 lacrymis
2290 3973 2667 4072 ingressus
2702 3971 3024 4047 obortis:

1023 4108 1094 4182 O
1130 4122 1327 4202 nate,
1375 4111 1768 4211 ingentem
1803 4111 2097 4185 luctum
2131 4135 2229 4184 ne
2266 4136 2510 4209 quaere
2546 4123 2887 4200 tuorum3

1024 4245 1454 4322 Ostendent
1488 4248 1704 4322 terris
1738 4248 1948 4321 hunc
1983 4260 2285 4321 tantum
2323 4247 2502 4339 fata,
2550 4273 2799 4345 neque
2834 4248 3038 4321 ultra
3069 4315 3073 4320 .

1025 4382 1204 4458 Esse
1240 4385 1511 4460 sinent.
1609 4385 1954 4460 Nimium
1992 4385 2199 4460 vobis
2237 4386 2579 4460 Romana
2612 4410 2945 4485 propago

1025 4519 1205 4594 Visa
1242 4534 1527 4619 potens,
1574 4523 1852 4624 Superi,
1896 4523 2195 4623 propria
2227 4525 2386 4599 haec
2419 4524 2482 4598 si
2520 4524 2724 4631 dona
2753 4523 3096 4599 fuissent.
