3792 6234
963 987 1046 1051 18
1815 972 2253 1049 AENEIS.
2846 977 3121 1050 v.425.

954 1172 1318 1247 Constitit
1353 1172 1431 1245 in
1469 1170 1743 1272 digitos
1779 1174 2162 1270 extemplo
2194 1180 2529 1245 arrectus
2564 1181 2905 1267 uterque,

951 1310 1414 1409 Brachiaque
1453 1310 1548 1383 ad
1581 1334 1882 1409 superas
1920 1308 2307 1384 interritus
2344 1307 2621 1384 extulit
2657 1333 2894 1383 auras.

949 1448 1359 1523 Abduxere
1395 1460 1597 1522 retro
1630 1449 1858 1549 longe
1895 1450 2147 1547 capita
2183 1449 2418 1523 ardua
2452 1447 2545 1521 ab
2584 1447 2743 1523 ictu
2762 1476 2782 1538 3

949 1587 1537 1685 Immiscentque
1565 1611 1832 1661 manus
1861 1588 2229 1679 manibuS,
2254 1612 2741 1686 pugnamque
2768 1586 3166 1660 lacessunt.

949 1724 1088 1799 Ille
1123 1724 1401 1824 pedum
1435 1724 1702 1800 melior
1733 1736 1968 1819 motu,
2013 1723 2397 1823 fretusque
2422 1723 2787 1824 juventa:

950 1862 1097 1938 Hic
1134 1863 1486 1939 membris
1521 1876 1600 1937 et
1635 1864 1830 1938 mole
1863 1863 2123 1938 valens
2142 1892 2163 1955 ;
2221 1864 2353 1938 sed
2386 1864 2607 1937 tarda
2640 1863 3001 1937 trementi

948 2003 1226 2077 Genua
1257 2002 1520 2076 labant
1537 2031 1557 2093 ;
1615 2014 1862 2077 vastos
1895 2002 2141 2099 quatit
2174 2026 2376 2101 aeger
2408 2002 2785 2076 anhelitus
2823 2013 3048 2077 artus·

949 2139 1202 2215 Multa
1234 2140 1376 2215 viri
1411 2140 1921 2239 nequidquam
1958 2140 2158 2214 inter
2192 2165 2270 2213 se
2302 2140 2621 2214 vulnera
2640 2139 2964 2239 jactant,

947 2279 1203 2354 Multa
1235 2303 1422 2352 cavo
1453 2279 1670 2353 lateri
1707 2279 2205 2379 ingeminant,
2252 2289 2331 2353 et
2366 2290 2671 2377 pectore
2708 2290 2955 2353 vastos

946 2418 1161 2490 Dant
1195 2416 1479 2490 sonitus
1499 2445 1518 2506 3
1579 2430 1927 2514 erratque
1962 2441 2177 2491 aures
2213 2426 2291 2491 et
2327 2427 2667 2516 tempora
2702 2416 2989 2492 circum

949 2553 1236 2628 Crebra
1270 2578 1574 2644 manus;
1633 2554 1822 2627 duro
1858 2554 2233 2653 crepitant
2270 2556 2409 2629 sub
2443 2556 2755 2629 vulnere
2792 2556 3024 2630 malae.

948 2691 1108 2765 Stat
1141 2691 1390 2790 gravis
1427 2691 1792 2783 Entellus,
1842 2692 2159 2791 nisuque
2195 2693 2547 2767 immotus
2584 2694 2872 2786 eodem,
2929 2692 2933 2697 ’

951 2829 1283 2928 Corpore
1317 2829 1470 2903 tela
1501 2829 1726 2904 modo
1761 2843 1988 2930 atque
2024 2830 2259 2905 oculis
2294 2830 2783 2930 vigilantibus
2824 2832 3003 2906 exit.

948 2967 1106 3061 Ille,
1153 2970 1362 3043 velut
1407 2969 1678 3043 celsam
1715 2983 2106 3070 oppugnat
2141 2970 2268 3068 qui
2306 2970 2626 3044 molibus
2656 2970 2947 3065 urbem,

945 3108 1104 3182 Aut
1137 3119 1502 3185 montana
1535 3107 1750 3182 sedet
1784 3108 2072 3183 circum
2110 3110 2418 3183 castella
2452 3110 2591 3183 sub
2627 3110 2871 3201 armiS,

947 3246 1182 3320 Nunc
1219 3246 1372 3337 hos,
1417 3271 1628 3320 nunc
1663 3246 1827 3320 illos
1863 3246 2133 3338 aditus,
2180 3272 2631 3345 omnemque
2662 3260 3001 3347 pererrat

943 3385 1130 3459 Arte
1166 3384 1440 3477 locum,
1488 3394 1565 3460 et
1597 3385 1820 3461 variis
1857 3386 2255 3460 assultibus
2292 3385 2542 3460 irritus
2579 3398 2821 3486 urget.

865 3514 872 3520 ⁹
947 3522 1301 3597 Ostendit
1335 3522 1682 3597 dextram
1721 3504 2117 3624 insurgens
2154 3524 2519 3617 EntelluS,
2567 3534 2647 3599 et
2682 3527 2833 3599 alte

945 3660 1280 3735 Extulit:
1339 3662 1464 3735 ille
1501 3660 1736 3736 ictum
1773 3662 2208 3736 venientem
2246 3688 2291 3735 a
2324 3660 2609 3737 vertice
2644 3664 2867 3737 velox

949 3796 1314 3891 Praevidit,
1363 3799 1736 3897 celerique
1771 3800 2062 3898 elapsus
2100 3824 2407 3899 corpore
2444 3800 2684 3874 cessit.

945 3936 1288 4011 Entellus
1323 3936 1516 4011 vires
1553 3938 1632 4011 in
1669 3949 1987 4012 ventum
2023 3938 2310 4031 effudit,
2358 3950 2437 4013 et
2470 3940 2672 4013 ultro

948 4074 1116 4173 Ipse
1152 4077 1400 4177 gravis
1434 4076 1915 4177 graviterque
1949 4077 2045 4150 ad
2082 4089 2361 4151 terram
2395 4078 2728 4177 pondere
2766 4090 2977 4153 vasto
3058 4098 3060 4105 ·

950 4213 1344 4288 Concidit:
1387 4226 1474 4287 ut
1501 4213 1880 4313 quondam
1912 4240 2098 4290 cava
2126 4215 2481 4309 concidit,
2516 4228 2649 4290 aut
2672 4217 3159 4316 ErymanthO,

946 4351 1104 4424 Aut
1141 4350 1280 4424 Ida
1313 4353 1391 4429 in
1429 4376 1728 4451 magna,
1777 4352 2153 4427 radicibus
2189 4364 2407 4427 emta
2436 4353 2679 4452 pinus.
3054 4320 3063 4328 ’

949 4489 1444 4589 Consurgunt
1477 4491 1738 4565 studiis
1774 4491 2050 4565 Teucri
2086 4502 2165 4566 et
2198 4491 2589 4567 Trinacria
2619 4492 2890 4592 pubes:

949 4628 1023 4701 It
1058 4628 1342 4702 clamor
1373 4626 1596 4719 coelo3
1655 4629 2082 4727 primusque
2118 4632 2447 4706 accurrit
2480 4632 2813 4727 Acestes,
