3792 6234
709 1018 777 1067 v.
813 992 982 1065 614.
1488 990 1878 1067 LIBER
1974 990 2113 1066 VI.
2785 992 2873 1065 61

711 1192 964 1277 Quam
989 1212 1306 1290 poenam,
1341 1199 1474 1264 aut
1495 1214 1658 1288 quae
1681 1187 1925 1264 forma
1951 1166 2145 1264 viros
2173 1188 2575 1265 fortunave
2608 1190 2891 1266 mersit.

709 1330 986 1404 Saxum
1019 1331 1288 1437 ingens
1324 1330 1644 1402 volvunt
1677 1328 1821 1420 alii,
1867 1328 2187 1403 radiisve
2222 1341 2563 1405 rotarum

709 1467 1056 1543 Districti
1089 1465 1463 1566 pendent:
1521 1467 1755 1560 sedet,
1803 1480 2313 1566 aeternumque
2350 1466 2667 1561 sedebit,

711 1604 994 1681 Infelix
1027 1606 1394 1681 Theseus:
1454 1606 1971 1705 Phlegyasque
2012 1605 2467 1679 miserrimus
2503 1629 2764 1681 omnes

711 1746 1114 1837 Admonet,
1161 1755 1239 1819 et
1273 1768 1553 1845 magna
1587 1756 1909 1818 testatur
1944 1768 2131 1818 voce
2165 1768 2301 1844 per
2334 1743 2675 1820 umbras:

727 1889 780 1923 “
813 1882 1106 1958 Discite
1129 1880 1502 1981 justitiam
1537 1882 1828 1975 moniti,
1875 1894 1955 1957 et
1987 1906 2145 1957 non
2180 1894 2521 1977 temnere
2558 1881 2789 1956 divos.
2802 1884 2843 1913 ’⁹

715 2020 1084 2096 Vendidit
1116 2022 1242 2095 hic
1279 2046 1462 2096 auro
1495 2020 1834 2121 patriam,
1882 2020 2421 2119 dominumque
2454 2031 2844 2120 potentem

715 2159 1120 2259 Imposuit3
1177 2159 1346 2234 fixit
1380 2160 1586 2259 leges
1620 2160 1880 2259 preti0,
1932 2171 2157 2257 atque
2190 2160 2461 2233 refixit.

717 2298 868 2374 Hic
902 2299 1320 2373 thalamum
1357 2298 1630 2374 invasit
1663 2311 1878 2391 natae,
1926 2298 2346 2397 vetitosque
2380 2300 2828 2396 hymenaeos

717 2438 906 2513 Au'si
941 2462 1200 2512 omnes
1237 2438 1564 2511 immane
1597 2437 1833 2529 nefas,
1883 2462 2211 2536 ausoque
2247 2437 2489 2536 potiti.

719 2576 926 2668 Non,
971 2574 1156 2649 mihi
1191 2575 1252 2649 si
1287 2576 1564 2676 linguae
1601 2544 1911 2650 centum
1944 2576 2117 2668 sint,
2164 2598 2444 2673 oraque
2480 2586 2813 2667 centum,

722 2714 992 2789 Ferrea
1024 2738 1196 2806 vox,
1243 2739 1502 2789 omnes
1537 2715 1903 2789 scelerum
1942 2712 2481 2840 compzendere
2514 2711 2815 2805 formaS,

724 2852 1004 2927 Omnia
1035 2877 1422 2952 poenarum
1460 2876 1896 2950 percurrere
1931 2852 2261 2945 nomina,
2307 2852 2604 2949 possim.

873 2990 1056 3065 Haec
1093 2990 1223 3065 ubi
1259 2990 1469 3065 dicta
1502 2990 1712 3064 dedit
1748 2989 2005 3064 Phoebi
2039 2991 2383 3090 longaeva
2414 2990 2798 3065 sacerdos:

725 3128 869 3203 Sed
887 3127 1050 3227 jam
1075 3153 1240 3228 age,
1270 3154 1492 3228 carpe
1515 3128 1735 3221 viam,
1764 3140 1842 3202 et
1867 3140 2295 3227 susceptum
2324 3130 2596 3229 perfice
2622 3152 2936 3203 munus:

726 3267 1278 3361 AcceleremuS‚
1325 3268 1452 3341 ait.
1552 3267 1973 3366 Cyclopum
2010 3266 2289 3341 educta
2323 3267 2637 3342 caminis

731 3404 1020 3480 Moenia
1055 3404 1457 3505 conspici0,
1509 3416 1733 3504 atque
1769 3405 2083 3480 adverso
2115 3405 2409 3481 fornice
2443 3419 2713 3506 portaS,

729 3544 912 3619 Haec
949 3543 1080 3618 ubi
1112 3568 1248 3617 nos
1283 3556 1654 3643 praecepta
1673 3531 1953 3643 jubent
1987 3545 2362 3644 deponere
2399 3545 2619 3619 dona.

733 3682 1096 3773 Dixerat3
1157 3694 1235 3756 et
1271 3682 1570 3781 pariter,
1619 3682 2020 3784 gressiper
2054 3708 2291 3784 opaca
2325 3685 2637 3776 viarum,

737 3819 1176 3920 Corripiunt
1203 3820 1529 3920 spatium
1555 3820 1911 3915 medium,
1943 3820 2375 3921 foribusque
2402 3822 2929 3923 propinquant.

736 3958 1084 4058 Occupat
1107 3958 1388 4059 AEneas
1425 3958 1734 4050 aditum,
1785 3983 2199 4059 corpusque
2234 3962 2526 4035 recenti

736 4097 1034 4198 Spargit
1071 4121 1285 4195 aqua,
1330 4122 1770 4195 ramumque
1807 4098 2117 4174 adverso
2153 4098 2229 4172 in
2267 4098 2527 4175 limine
2561 4100 2748 4200 figit.

815 4294 820 4297 -
886 4236 1026 4311 His
1062 4235 1368 4311 demum
1403 4206 1712 4329 exactis,
1759 4235 2099 4336 perfecto
2132 4262 2445 4313 munere
2482 4238 2691 4330 divae,

740 4376 1140 4450 Devenere
1174 4376 1378 4449 locos
1412 4374 1637 4467 laetos,
1687 4386 1764 4449 et
1798 4400 2090 4449 amoena
2122 4376 2364 4451 vireta

739 4513 1321 4588 Fortunatorum
1354 4537 1769 4606 nemorum,
1815 4514 2177 4613 sedesque
2210 4514 2487 4589 beatas.

741 4652 1054 4753 Largior
1086 4654 1208 4728 hic
1245 4676 1546 4751 campos
1591 4651 1824 4729 aether
1859 4666 1936 4729 et
1972 4653 2256 4728 lumine
2290 4652 2518 4728 vestit
