3792 6234
713 972 782 1021 v,
820 955 987 1021 203.
1500 944 1566 1023 L
1586 946 1625 1023 I
1650 946 1712 1023 B
1732 944 1798 1021 E
1820 946 1891 1022 R
1987 946 2088 1023 X.
2731 955 2880 1064 175

716 1144 920 1218 Hinc
956 1166 1253 1243 quoque
1283 1144 1737 1245 quingentos
1773 1145 1851 1219 in
1885 1170 1966 1219 se
1999 1142 2425 1220 Mezentius
2462 1153 2723 1235 armat,
2817 1200 2830 1213 .

715 1281 926 1367 Quos
962 1294 1171 1380 patre
1208 1282 1529 1375 Benaco,
1578 1283 1867 1377 velatus
1903 1281 2272 1357 arundine
2305 1283 2598 1381 glauca,

715 1419 1049 1493 Mincius
1085 1418 1361 1494 infesta
1395 1418 1724 1495 ducebat
1757 1420 1835 1493 in
1872 1444 2168 1518 aequora
2201 1419 2410 1518 pinu.

712 1558 791 1631 It
824 1558 1071 1657 gravis
1104 1559 1471 1651 AulesteS,
1518 1571 1992 1655 centenaque
2034 1558 2296 1633 arbore
2331 1558 2603 1633 fluctus

712 1695 1079 1771 Verberat
1116 1722 1550 1797 assurgen83
1604 1712 1958 1795 spumant
1989 1697 2185 1771 vada
2218 1720 2586 1785 marmore
2617 1720 2850 1771 verso,

712 1834 943 1908 Hunc
979 1835 1188 1910 vehit
1228 1834 1572 1911 immanis
1604 1834 1893 1927 Triton,
1943 1846 2020 1909 et
2057 1834 2327 1909 caerula
2359 1834 2655 1907 conc-ha

710 1970 1117 2063 Exterrens
1151 1972 1382 2047 freta:
1443 1974 1564 2047 cui
1600 1974 1922 2048 laterum
1956 1984 2176 2049 tenus
2211 1972 2502 2072 hispida
2535 1971 2752 2046 nanti

710 2110 941 2185 Frons
974 2112 1357 2186 hominem
1392 2111 1709 2211 praefert,
1756 2112 1835 2185 in
1872 2111 2136 2211 pristin
2175 2111 2450 2186 desinit
2485 2112 2715 2201 alvuS,

706 2250 1029 2347 Spumea
1060 2249 1405 2325 semifero
1441 2250 1579 2325 sub
1614 2264 1919 2349 pectore
1955 2261 2372 2325 murmurat
2405 2250 2630 2325 unda.

704 2356 853 2461 Tot
887 2389 1067 2462 lecti
1100 2413 1443 2487 proceres
1479 2401 1596 2463 ter
1630 2389 1843 2463 denis
1878 2388 2194 2463 navibus
2229 2387 2444 2462 ibant

701 2524 1045 2600 Subsidio
1070 2526 1329 2625 Trojae‚
1374 2540 1453 2601 et
1487 2552 1787 2627 campos
1822 2528 1993 2601 salis
2029 2551 2170 2601 aere
2207 2526 2588 2601 secabant.

851 2664 1173 2762 Jamque
1207 2665 1365 2739 dies
1402 2666 1587 2739 coelo
1622 2676 2116 2757 concesserat,
2165 2666 2504 2762 almaque
2541 2689 2768 2739 curru

704 2801 1139 2902 Noctivago
1176 2802 1450 2877 Phoebe
1484 2803 1817 2879 medium
1853 2802 2199 2902 pulsabat
2232 2804 2639 2902 olympum.

701 2940 995 3033 AEneaS,
1040 2965 1288 3039 neque
1324 2942 1525 3015 euim
1560 2942 1912 3015 membris
1947 2941 2080 3016 dat
2116 2966 2296 3015 cura
2332 2939 2683 3038 quietem,

703 3078 871 3177 Ipse
905 3078 1171 3154 sedens
1209 3081 1651 3177 clavumque
1689 3080 1886 3180 regit
1923 3080 2250 3177 velisque
2287 3079 2684 3153 ministrat.

698 3218 951 3316 Atque
984 3218 1112 3311 illi,
1159 3218 1407 3292 medio
1446 3217 1523 3291 in
1561 3218 1819 3317 spatio,
1866 3219 2140 3291 chorus
2175 3242 2354 3291 ecce
2389 3243 2694 3291 suarum

700 3355 1055 3429 Occurrit
1090 3355 1471 3447 comitum,
1518 3356 1913 3455 Nymphae,
1961 3380 2142 3452 quas
2178 3356 2376 3428 alma
2405 3353 2713 3453 Cybebe

702 3492 1013 3567 Numen
1050 3493 1329 3567 habere
1362 3493 1606 3605 maris,
1658 3494 2202 3593 Nymphasque
2239 3518 2280 3566 e
2318 3491 2630 3567 navibus
2667 3517 2846 3583 esse,

697 3630 1072 3706 Jusserat:
1128 3632 1501 3706 innabant
1532 3632 1834 3731 pariter,
1883 3633 2302 3729 fluctusque
2339 3631 2718 3723 secabant,

701 3767 913 3853 Quot
946 3769 1146 3867 prius
1182 3782 1421 3845 aeratae
1454 3782 1823 3845 steterant
1858 3770 1956 3843 ad
1993 3770 2247 3845 littora
2277 3794 2530 3869 prorae.

697 3906 1149 4005 Agnoscunt
1186 3909 1413 4008 longe
1450 3933 1726 4008 regem,
1773 3909 2246 4004 lustrantque
2282 3906 2594 3981 choreis,

699 4042 1041 4128 Quarum
1078 4070 1239 4141 quae
1270 4044 1484 4120 fandi
1518 4044 1948 4119 doctissima
1985 4043 2484 4143 Cymodocea,

698 4182 905 4255 Pone
936 4208 1276 4281 sequens,
1319 4183 1592 4258 dextra
1624 4184 1932 4283 puppim
1967 4195 2201 4275 tenet,
2249 4182 2551 4282 ipsaque
2589 4182 2807 4258 dorso

696 4318 1022 4413 Eminet,
1068 4346 1157 4395 ac
1192 4322 1373 4395 laeva
1406 4322 1655 4396 tacitis
1690 4321 2150 4421 subremigat
2187 4322 2428 4398 undiS.

693 4458 889 4533 Tum
922 4460 1031 4535 sic
1064 4460 1413 4559 ignarum
1448 4459 1885 4558 alloquitur:
1923 4459 2333 4559 Vigilasne,
2381 4460 2604 4535 deum
2641 4486 2848 4561 genS,

692 4597 975 4673 AEnea?
1026 4596 1277 4699 vigila,
1324 4610 1401 4673 et
1435 4596 1615 4673 velis
1652 4598 1974 4677 immitte
2009 4598 2386 4673 rudentes·
