3792 6234
703 963 771 1012 v.
810 945 977 1019 870.
1453 933 1518 1009 L
1540 933 1578 1009 I
1604 933 1663 1010 B
1686 935 1749 1010 E
1774 934 1843 1009 R
1943 933 2127 1010 XII.
2735 944 2876 1019 273

705 1133 1110 1234 Unguibus
1144 1157 1279 1206 ora
1311 1158 1515 1208 soror
1550 1133 1837 1208 foedans
1874 1145 1954 1210 et
1985 1143 2295 1234 pectora
2325 1135 2624 1235 pugnis⁶

706 1273 915 1358 Quid
950 1297 1160 1346 nunc
1195 1282 1272 1346 te
1306 1282 1459 1364 tua,
1497 1274 1775 1364 Turne,
1819 1285 2069 1373 potest
2105 1298 2466 1372 germana
2487 1272 2801 1372 juvare?

704 1414 863 1485 Aut
896 1410 1075 1508 quid
1099 1409 1260 1508 jam
1297 1410 1499 1484 durae
1533 1422 1835 1510 superat
1867 1409 2098 1484 mihi?
2151 1435 2300 1509 qua
2333 1411 2470 1485 tibi
2505 1413 2754 1486 lucem

705 1551 893 1623 Arte
927 1549 1217 1624 morer?
1270 1549 1481 1623 talin’
1517 1526 1811 1649 possurn
1846 1574 1971 1623 me
2007 1575 2384 1650 opponere
2419 1551 2796 1625 monstro?

702 1686 752 1762 J
757 1713 878 1762 am
901 1685 1061 1786 jam
1098 1687 1357 1786 linquo
1393 1689 1613 1762 acies,
1710 1688 1835 1762 Ne
1872 1713 1992 1762 me
2025 1701 2304 1762 terrete
2341 1687 2757 1782 timentem,

706 1825 1070 1900 Obscenae
1104 1827 1481 1917 volucres3
1540 1818 1825 1901 alaru'm
1862 1827 2176 1901 verbera
2216 1852 2466 1920 nosce,

706 1962 1190 2061 Letalemque
1226 1988 1532 2055 sonum3
1590 1989 1736 2038 nec
1764 1964 2048 2040 fallunt
2068 1963 2278 2062 jussa
2313 1965 2631 2065 superba

707 2102 1188 2202 Magnanimi
1221 2103 1268 2176 J
1274 2103 1451 2177 ovis.
1565 2103 1746 2176 Haec
1781 2128 1916 2202 pro
1949 2103 2385 2203 virginitate
2421 2091 2764 2201 reponit?

707 2242 881 2327 Quo
916 2242 1151 2316 vitam
1188 2241 1397 2315 dedit
1433 2242 1833 2315 aeternam?
1888 2267 2026 2315 cur
2059 2241 2316 2316 mortis
2355 2243 2707 2341 adempta
2741 2255 2855 2318 est

706 2380 1109 2456 Conditio?
1181 2380 1480 2454 Possem
1519 2392 1767 2454 tantos
1809 2378 2024 2453 finire
2060 2379 2348 2454 dolores

706 2519 943 2594 Nunc
980 2529 1206 2611 certe,
1254 2530 1331 2592 et
1367 2518 1634 2592 misero
1666 2515 1882 2591 fratri
1919 2543 2166 2592 comes
2203 2517 2309 2592 ire
2344 2543 2478 2618 per
2511 2517 2829 2593 umbras.

703 2651 1157 2730 Immortalis
1194 2656 1381 2756 ego?
1435 2668 1568 2728 aut
1602 2654 2008 2753 quidquam
2045 2655 2228 2729 mihi
2265 2656 2487 2731 dulce
2521 2633 2860 2732 meorum

702 2795 811 2868 Te
847 2794 1028 2887 sine,
1075 2794 1329 2886 frater,
1379 2793 1565 2870 erit?
1637 2794 1707 2867 O
1740 2819 1904 2890 quae
1939 2795 2115 2867 satis
2153 2795 2306 2867 alta
2340 2794 2678 2869 dehiscat

702 2934 935 3007 Terra
968 2933 1189 3025 mihi,
1218 2957 1623 3031 manesque
1659 2931 1878 3005 deam
1913 2930 2266 3006 demittat
2307 2932 2402 3005 ad
2439 2935 2660 3008 imos!

700 3043 1033 3146 Tanturn
1070 3071 1315 3164 effata,
1365 3083 1591 3170 caput
1625 3071 1897 3170 glauco
1935 3071 2280 3146 contexit
2313 3071 2616 3168 amictu,

705 3209 956 3284 Multa
990 3233 1321 3309 gemens,
1370 3221 1447 3294 et
1480 3234 1558 3282 se
1596 3208 1822 3282 fluvio
1860 3209 2004 3282 dea
2039 3208 2383 3283 condidit
2417 3211 2592 3285 alto,

851 3350 1123 3423 AEneas
1161 3348 1394 3422 instat
1428 3359 1713 3439 contra,
1760 3347 2146 3444 telumque
2184 3361 2526 3422 coruscat

703 3475 1009 3587 IngenS,
1058 3486 1473 3576 arboreum,
1522 3496 1601 3559 et
1641 3509 1833 3560 saevo
1868 3484 1976 3559 sic
2012 3498 2316 3585 pectore
2347 3485 2589 3563 fatur:

704 3625 895 3714 Quae
940 3649 1149 3698 nunc
1187 3622 1465 3700 deinde
1514 3648 1725 3696 mora
1760 3624 1916 3698 est?
1975 3637 2108 3698 aut
2143 3623 2321 3723 quid
2357 3623 2538 3724 jam,
2583 3627 2870 3722 Turne,

852 3763 1260 3837 retractas?

704 3901 887 3975 Non
926 3926 1168 3995 cursu,
1216 3901 1422 3977 saevis
1460 3901 1907 3977 certandum
1943 3916 2057 3979 est
2090 3903 2506 3979 comminus
2543 3907 2783 3982 armis.

700 4041 937 4116 Verte
971 4066 1228 4115 omnes
1263 4053 1423 4116 tete
1459 4041 1537 4117 in
1572 4031 1827 4134 facies,
1874 4054 1952 4116 et
1989 4044 2350 4118 contrahe
2387 4045 2746 4143 quidquid

690 4179 869 4278 Sive
906 4178 1193 4272 animi3‚
1242 4179 1398 4252 sive
1432 4191 1613 4272 arte,
1660 4181 1897 4272 vales3
1957 4192 2134 4281 opta
2167 4181 2402 4256 ardua
2434 4183 2700 4281 pennis

699 4319 925 4392 Astra
956 4318 1185 4416 sequi,
1234 4318 1716 4416 clausumque
1751 4343 1938 4394 cava
1971 4331 2049 4392 te
2080 4320 2408 4418 condere
2445 4333 2662 4396 terra.

700 4458 861 4550 Ille,
909 4468 1139 4557 caput
1173 4481 1561 4556 quassans:
1624 4457 1806 4530 Non
1840 4483 1963 4532 me
1997 4468 2132 4532 tua
2165 4457 2455 4534 fervida
2489 4472 2777 4536 terrent

700 4595 953 4691 Dicta,
998 4595 1213 4672 ferox
1233 4625 1252 4689 ;
1312 4595 1391 4671 di
1425 4621 1547 4672 me
1590 4589 1883 4673 terrent
1920 4608 1998 4673 et
2028 4597 2077 4670 J
2083 4596 2379 4699 uppiter
2413 4599 2662 4674 hostia.

854 4745 883 4785 2
2479 4735 2528 4782 ‘r
