3792 6234
705 1035 773 1082 v.
812 1007 979 1088 766.
1456 1004 1521 1079 L
1543 1006 1580 1079 Ι
1606 1006 1665 1079 Β
1686 1006 1751 1080 Ε
1774 1005 1843 1080 R
1939 1007 2127 1082 XII.
2731 1015 2876 1096 269

710 1208 855 1281 Hic
894 1215 1227 1297 steterat,
1272 1206 1525 1279 nautis
1562 1205 1737 1278 olim
1772 1205 2201 1280 venerabile
2235 1206 2574 1306 signum,

711 1346 996 1420 Servati
1034 1371 1132 1419 ex
1168 1345 1389 1418 undis
1426 1345 1555 1418 ubi
1590 1345 1819 1444 figere
1858 1345 2060 1419 dona
2093 1347 2432 1421 solebant

715 1484 1076 1559 Laurenti
1111 1484 1305 1576 divo,
1356 1497 1434 1557 et
1465 1484 1677 1558 'votas
1713 1484 2166 1583 suspendere
2200 1497 2480 1560 vestes:

714 1624 857 1698 Sed
895 1624 1202 1722 stirpem
1229 1622 1524 1714 Teucri,
1572 1623 1780 1696 nullo
1814 1622 2268 1717 discrimine,
2317 1649 2612 1698 sacrum

714 1765 1202 1855 sustulerant,
1250 1788 1437 1862 puro
1470 1775 1559 1835 ut
1594 1774 1894 1861 possent
1930 1787 2380 1838 concurrere
2416 1787 2700 1862 campo,

715 1904 862 1977 Hic
900 1906 1114 1976 hasta
1144 1903 1396 1976 AEneae
1430 1901 1713 1991 stabat3
1774 1903 1924 1975 huc
1963 1900 2282 2001 impetus
2319 1903 2524 1976 illam

668 2141 673 2148 Π
715 2042 1115 2116 Detulerat
1150 2044 1400 2133 fixam,
1448 2051 1525 2114 et
1560 2042 1769 2115 lenta
1804 2040 1883 2113 in
1921 2039 2174 2115 radice
2208 2042 2541 2116 tenebat.

717 2182 1099 2276 Incubuit,
1145 2182 1532 2280 voluitque
1568 2207 1803 2254 manu
1840 2183 2264 2254 convellere
2297 2181 2581 2256 ferrum

717 2321 1212 2415 DardanideS,
1261 2323 1559 2419 teloque
1596 2319 1803 2418 sequi
1840 2345 2058 2418 quem
2097 2322 2465 2419 prendere
2503 2347 2726 2396 cursu

716 2460 899 2534 Non
937 2473 1253 2560 poterat.
1340 2461 1536 2533 Tum
1572 2483 1748 2532 vero
1784 2482 2042 2531 amens
2076 2456 2478 2534 formidine
2507 2461 2573 2533 T
2579 2487 2826 2553 urnuS‚

717 2599 994 2693 Faune,
1031 2625 1312 2699 precor,
1349 2598 1719 2688 miserere,
1748 2597 2012 2694 inquit,
2041 2608 2274 2695 tuque
2301 2599 2584 2697 optima
2609 2599 2892 2674 ferrum

716 2740 949 2813 Terra
984 2751 1180 2830 tene,
1233 2719 1431 2812 colui
1466 2748 1748 2811 vestros
1792 2736 1852 2809 si
1888 2761 2179 2834 semper
2214 2738 2552 2830 honoreS‚

719 2877 929 2962 Quos
967 2891 1231 2952 contra
1269 2876 1617 2950 AEneadae
1650 2875 1848 2948 bello
1881 2872 2133 2948 fecere
2169 2875 2540 2975 profanos,

704 3013 963 3108 Dixit,
1014 3040 1379 3116 opemque
1416 3014 1536 3087 dei
1575 3037 1731 3086 non
1770 3037 1978 3086 cassa
2013 3013 2090 3086 in
2126 3027 2302 3087 vota
2336 3017 2655 3090 vocavit.

722 3153 1073 3252 Namque
1112 3153 1243 3228 diu
1280 3154 1598 3244 luctans,
1645 3152 2001 3248 lentoque
2037 3152 2114 3225 in
2154 3152 2382 3253 stirpe
2417 3168 2767 3248 moratuS,

723 3292 1028 3367 Viribus
1064 3293 1267 3367 haud
1302 3290 1470 3366 ullis
1506 3290 1745 3364 valuit
1779 3289 2198 3364 discludere
2234 3316 2518 3388 morsus

723 3431 1035 3506 Roboris
1064 3433 1357 3505 AEueas,
1455 3431 1663 3504 Dum
1699 3429 1971 3503 nititur
2007 3453 2198 3520 acer,
2248 3441 2325 3503 et
2361 3429 2614 3524 instat,

724 3569 1004 3642 Rursus
1040 3570 1117 3644 in
1156 3569 1434 3667 aurigae
1468 3568 1743 3642 faciem
1777 3578 2068 3641 mutata
2103 3566 2408 3642 Metisci

725 3707 1128 3802 Procurrit,
1174 3707 1540 3805 fratrique
1578 3731 1831 3780 ensem
1868 3706 2010 3779 dea
2045 3706 2352 3780 Daunia
2388 3705 2656 3781 reddit.

728 3845 955 3930 Quod
986 3847 1244 3920 Venus
1280 3845 1549 3919 audaci
1586 3845 1960 3944 Nymphae
1995 3845 2392 3945 indignata
2428 3845 2675 3939 licere,

724 3984 1084 4076 Accessit,
1130 3987 1517 4082 telumque
1552 3985 1707 4058 alta
1742 3983 1835 4057 ab
1870 3983 2124 4057 radice
2167 3984 2478 4059 revellit.

726 4123 879 4199 Olli
915 4122 1286 4215 sublimes»,
1337 4122 1556 4196 armis
1598 4123 2012 4220 animisque
2049 4122 2335 4216 refecti,

729 4262 881 4336 Hic
915 4261 1169 4362 gladio
1202 4262 1460 4356 fidem,
1507 4261 1633 4335 hic
1670 4287 1844 4336 acer
1879 4275 1956 4337 et
1991 4261 2265 4336 arduus
2302 4265 2536 4355 hasta,

726 4401 1125 4476 Adsistunt
1164 4413 1447 4491 contra,
1498 4400 1911 4475 certamine
1947 4401 2218 4476 Martis
2255 4403 2526 4475 anheli.

872 4539 921 4612 J
927 4564 1256 4614 unonem
1292 4538 1583 4614 interea
1618 4563 1753 4612 rex
1790 4540 2323 4638 omnipotentis
2354 4541 2656 4639 Olympi

729 4679 1173 4776 Alloquitur,
1223 4677 1430 4751 fulva
1464 4701 1759 4776 pugnas
1796 4677 1891 4752 de
1926 4679 2130 4753 nube
2168 4691 2546 4754 tuentem:
