<?xml version="1.0" encoding="UTF-8"?>
<!DOCTYPE html PUBLIC "-//W3C//DTD XHTML 1.0 Transitional//EN"
    "http://www.w3.org/TR/xhtml1/DTD/xhtml1-transitional.dtd">
<html xmlns="http://www.w3.org/1999/xhtml" xml:lang="en" lang="en">
 <head>
  <title>
</title>
<meta http-equiv="Content-Type" content="text/html;charset=utf-8" />
  <meta name='ocr-system' content='tesseract 3.04.00' />
  <meta name='ocr-capabilities' content='ocr_page ocr_carea ocr_par ocr_line ocrx_word'/>
</head>
<body>
  <div class='ocr_page' id='page_1' title='image "./publiusvergiliu00virggoog/publiusvergiliu00virggoog_0207.png"; bbox 0 0 3792 6234; ppageno 0'>
   <div class='ocr_carea' id='block_1_1' title="bbox 938 971 3092 1090">
    <p class='ocr_par' dir='ltr' id='par_1_1' title="bbox 938 971 3092 1090">
     <span class='ocr_line' id='line_1_1' title="bbox 938 971 3092 1090; baseline -0.002 -40"><span class='ocrx_word' id='word_1_1' title='bbox 938 976 1076 1052; x_wconf 84' lang='lat'><strong>186</strong></span> <span class='ocrx_word' id='word_1_2' title='bbox 1790 971 2228 1050; x_wconf 79' lang='lat' dir='ltr'>AENEIS.</span> <span class='ocrx_word' id='word_1_3' title='bbox 2281 1085 2286 1090; x_wconf 8' lang='grc' dir='ltr'>ἱ</span> <span class='ocrx_word' id='word_1_4' title='bbox 2817 996 2888 1045; x_wconf 79' lang='lat' dir='ltr'><strong>v.</strong></span> <span class='ocrx_word' id='word_1_5' title='bbox 2925 975 3092 1046; x_wconf 81' lang='lat'><strong>488.</strong></span> 
     </span>
    </p>
   </div>
   <div class='ocr_carea' id='block_1_2' title="bbox 924 1170 3144 4746">
    <p class='ocr_par' dir='ltr' id='par_1_2' title="bbox 928 1170 2842 1269">
     <span class='ocr_line' id='line_1_2' title="bbox 928 1170 2842 1269; baseline -0.003 -22"><span class='ocrx_word' id='word_1_6' title='bbox 928 1174 1027 1247; x_wconf 91' lang='lat' dir='ltr'><strong>Et</strong></span> <span class='ocrx_word' id='word_1_7' title='bbox 1064 1186 1336 1247; x_wconf 89' lang='lat' dir='ltr'><strong>terram</strong></span> <span class='ocrx_word' id='word_1_8' title='bbox 1372 1171 1719 1248; x_wconf 85' lang='lat' dir='ltr'>hostilem</span> <span class='ocrx_word' id='word_1_9' title='bbox 1752 1171 2078 1248; x_wconf 88' lang='lat' dir='ltr'><strong>moriens</strong></span> <span class='ocrx_word' id='word_1_10' title='bbox 2101 1170 2305 1269; x_wconf 79' lang='lat' dir='ltr'><strong>‘petit</strong></span> <span class='ocrx_word' id='word_1_11' title='bbox 2339 1193 2466 1243; x_wconf 88' lang='lat' dir='ltr'><strong>ore</strong></span> <span class='ocrx_word' id='word_1_12' title='bbox 2503 1179 2842 1243; x_wconf 82' lang='lat' dir='ltr'><strong>cruente.</strong></span> 
     </span>
    </p>

    <p class='ocr_par' dir='ltr' id='par_1_3' title="bbox 929 1309 2210 1408">
     <span class='ocr_line' id='line_1_3' title="bbox 929 1309 2210 1408; baseline -0.002 -23"><span class='ocrx_word' id='word_1_13' title='bbox 929 1312 1179 1396; x_wconf 85' lang='lat' dir='ltr'><strong>Quem</strong></span> <span class='ocrx_word' id='word_1_14' title='bbox 1213 1309 1515 1384; x_wconf 88' lang='lat' dir='ltr'><strong>Turnus</strong></span> <span class='ocrx_word' id='word_1_15' title='bbox 1558 1334 1782 1408; x_wconf 87' lang='lat' dir='ltr'><strong>super</strong></span> <span class='ocrx_word' id='word_1_16' title='bbox 1822 1309 2210 1384; x_wconf 79' lang='lat' dir='ltr'><strong>assistens:</strong></span> 
     </span>
    </p>

    <p class='ocr_par' dir='ltr' id='par_1_4' title="bbox 924 1444 2996 1546">
     <span class='ocr_line' id='line_1_4' title="bbox 924 1444 2996 1546; baseline -0 -24"><span class='ocrx_word' id='word_1_17' title='bbox 924 1449 1280 1541; x_wconf 75' lang='lat' dir='ltr'><strong>Arcade3‚</strong></span> <span class='ocrx_word' id='word_1_18' title='bbox 1324 1450 1503 1540; x_wconf 88' lang='lat' dir='ltr'><strong>haec‚</strong></span> <span class='ocrx_word' id='word_1_19' title='bbox 1554 1449 1821 1546; x_wconf 87' lang='lat' dir='ltr'><strong>inquit,</strong></span> <span class='ocrx_word' id='word_1_20' title='bbox 1870 1471 2237 1522; x_wconf 86' lang='lat' dir='ltr'><strong>memores</strong></span> <span class='ocrx_word' id='word_1_21' title='bbox 2273 1471 2444 1520; x_wconf 88' lang='lat' dir='ltr'><strong>mea</strong></span> <span class='ocrx_word' id='word_1_22' title='bbox 2476 1445 2684 1520; x_wconf 89' lang='lat' dir='ltr'><strong>dicta</strong></span> <span class='ocrx_word' id='word_1_23' title='bbox 2718 1444 2996 1536; x_wconf 85' lang='lat' dir='ltr'><strong>referte</strong></span> 
     </span>
    </p>

    <p class='ocr_par' dir='ltr' id='par_1_5' title="bbox 928 1584 2742 1685">
     <span class='ocr_line' id='line_1_5' title="bbox 928 1584 2742 1685; baseline -0.002 -23"><span class='ocrx_word' id='word_1_24' title='bbox 928 1588 1319 1662; x_wconf 89' lang='lat' dir='ltr'><strong>Evandro:</strong></span> <span class='ocrx_word' id='word_1_25' title='bbox 1377 1586 1673 1685; x_wconf 84' lang='lat' dir='ltr'><strong>qualem</strong></span> <span class='ocrx_word' id='word_1_26' title='bbox 1708 1585 1987 1660; x_wconf 90' lang='lat' dir='ltr'><strong>meruit</strong></span> <span class='ocrx_word' id='word_1_27' title='bbox 2023 1585 2368 1659; x_wconf 83' lang='lat' dir='ltr'>Pallanta</span> <span class='ocrx_word' id='word_1_28' title='bbox 2401 1584 2742 1660; x_wconf 88' lang='lat' dir='ltr'><strong>remitto:</strong></span> 
     </span>
    </p>

    <p class='ocr_par' dir='ltr' id='par_1_6' title="bbox 930 1723 3144 1824">
     <span class='ocr_line' id='line_1_6' title="bbox 930 1723 3144 1824; baseline -0.001 -24"><span class='ocrx_word' id='word_1_29' title='bbox 930 1727 1285 1824; x_wconf 87' lang='lat' dir='ltr'><strong>Quisquis</strong></span> <span class='ocrx_word' id='word_1_30' title='bbox 1310 1727 1545 1800; x_wconf 90' lang='lat' dir='ltr'><strong>honos</strong></span> <span class='ocrx_word' id='word_1_31' title='bbox 1570 1725 1862 1817; x_wconf 90' lang='lat' dir='ltr'><strong>tumuli,</strong></span> <span class='ocrx_word' id='word_1_32' title='bbox 1877 1724 2241 1824; x_wconf 90' lang='lat' dir='ltr'><strong>quidquid</strong></span> <span class='ocrx_word' id='word_1_33' title='bbox 2263 1725 2594 1798; x_wconf 86' lang='lat' dir='ltr'><strong>solamen</strong></span> <span class='ocrx_word' id='word_1_34' title='bbox 2620 1723 2984 1798; x_wconf 84' lang='lat' dir='ltr'><strong>humandi</strong></span> <span class='ocrx_word' id='word_1_35' title='bbox 3009 1731 3144 1818; x_wconf 87' lang='lat' dir='ltr'><strong>est,</strong></span> 
     </span>
    </p>

    <p class='ocr_par' dir='ltr' id='par_1_7' title="bbox 932 1863 2590 1965">
     <span class='ocr_line' id='line_1_7' title="bbox 932 1863 2590 1965; baseline -0.001 -27"><span class='ocrx_word' id='word_1_36' title='bbox 932 1865 1279 1965; x_wconf 85' lang='lat' dir='ltr'><strong>Largior:</strong></span> <span class='ocrx_word' id='word_1_37' title='bbox 1336 1864 1542 1938; x_wconf 87' lang='lat' dir='ltr'><strong>haud</strong></span> <span class='ocrx_word' id='word_1_38' title='bbox 1578 1864 1684 1937; x_wconf 91' lang='lat' dir='ltr'><strong>illi</strong></span> <span class='ocrx_word' id='word_1_39' title='bbox 1718 1863 2030 1938; x_wconf 88' lang='lat' dir='ltr'><strong>stabunt</strong></span> <span class='ocrx_word' id='word_1_40' title='bbox 2063 1864 2326 1937; x_wconf 81' lang='lat' dir='ltr'><strong>AEnei&#39;a</strong></span> <span class='ocrx_word' id='word_1_41' title='bbox 2359 1887 2590 1962; x_wconf 87' lang='lat' dir='ltr'><strong>parvo</strong></span> 
     </span>
    </p>

    <p class='ocr_par' dir='ltr' id='par_1_8' title="bbox 931 2000 2745 2102">
     <span class='ocr_line' id='line_1_8' title="bbox 931 2000 2745 2102; baseline -0.001 -26"><span class='ocrx_word' id='word_1_42' title='bbox 931 2002 1295 2102; x_wconf 88' lang='lat' dir='ltr'><strong>Hospitia.</strong></span> <span class='ocrx_word' id='word_1_43' title='bbox 1397 2002 1497 2076; x_wconf 90' lang='lat' dir='ltr'><strong>Et</strong></span> <span class='ocrx_word' id='word_1_44' title='bbox 1530 2004 1715 2076; x_wconf 87' lang='lat' dir='ltr'><strong>laevo</strong></span> <span class='ocrx_word' id='word_1_45' title='bbox 1751 2002 2015 2100; x_wconf 85' lang='lat' dir='ltr'><strong>pressit</strong></span> <span class='ocrx_word' id='word_1_46' title='bbox 2047 2001 2258 2100; x_wconf 88' lang='lat' dir='ltr'><strong>pede,</strong></span> <span class='ocrx_word' id='word_1_47' title='bbox 2306 2000 2490 2075; x_wconf 89' lang='lat' dir='ltr'><strong>talia</strong></span> <span class='ocrx_word' id='word_1_48' title='bbox 2521 2000 2745 2094; x_wconf 87' lang='lat' dir='ltr'><strong>fatus,</strong></span> 
     </span>
    </p>

    <p class='ocr_par' dir='ltr' id='par_1_9' title="bbox 927 2139 2802 2246">
     <span class='ocr_line' id='line_1_9' title="bbox 927 2139 2802 2246; baseline -0.001 -32"><span class='ocrx_word' id='word_1_49' title='bbox 927 2141 1400 2234; x_wconf 84' lang='lat' dir='ltr'><strong>Exanimem,</strong></span> <span class='ocrx_word' id='word_1_50' title='bbox 1447 2141 1741 2240; x_wconf 87' lang='lat' dir='ltr'><strong>rapiens</strong></span> <span class='ocrx_word' id='word_1_51' title='bbox 1787 2140 2146 2214; x_wconf 87' lang='lat' dir='ltr'><strong>immania</strong></span> <span class='ocrx_word' id='word_1_52' title='bbox 2181 2140 2515 2239; x_wconf 88' lang='lat' dir='ltr'><strong>pondera</strong></span> <span class='ocrx_word' id='word_1_53' title='bbox 2549 2139 2802 2246; x_wconf 80' lang='lat' dir='ltr'><strong>baltei,</strong></span> 
     </span>
    </p>

    <p class='ocr_par' dir='ltr' id='par_1_10' title="bbox 929 2277 2733 2380">
     <span class='ocr_line' id='line_1_10' title="bbox 929 2277 2733 2380; baseline -0.001 -27"><span class='ocrx_word' id='word_1_54' title='bbox 929 2280 1529 2380; x_wconf 89' lang='lat' dir='ltr'><strong>Impressumque</strong></span> <span class='ocrx_word' id='word_1_55' title='bbox 1565 2279 1811 2355; x_wconf 87' lang='lat' dir='ltr'><strong>nefas:</strong></span> <span class='ocrx_word' id='word_1_56' title='bbox 1870 2305 2026 2354; x_wconf 89' lang='lat' dir='ltr'><strong>una</strong></span> <span class='ocrx_word' id='word_1_57' title='bbox 2059 2280 2198 2353; x_wconf 89' lang='lat' dir='ltr'><strong>sub</strong></span> <span class='ocrx_word' id='word_1_58' title='bbox 2237 2291 2463 2360; x_wconf 84' lang='lat' dir='ltr'><strong>nocte</strong></span> <span class='ocrx_word' id='word_1_59' title='bbox 2487 2277 2733 2378; x_wconf 88' lang='lat' dir='ltr'><strong>jugali</strong></span> 
     </span>
    </p>

    <p class='ocr_par' dir='ltr' id='par_1_11' title="bbox 931 2416 2971 2516">
     <span class='ocr_line' id='line_1_11' title="bbox 931 2416 2971 2516; baseline -0.001 -23"><span class='ocrx_word' id='word_1_60' title='bbox 931 2418 1140 2493; x_wconf 85' lang='lat' dir='ltr'><strong>Caesa</strong></span> <span class='ocrx_word' id='word_1_61' title='bbox 1176 2444 1441 2493; x_wconf 90' lang='lat' dir='ltr'><strong>manus</strong></span> <span class='ocrx_word' id='word_1_62' title='bbox 1465 2417 1836 2516; x_wconf 89' lang='lat' dir='ltr'><strong>juvenum</strong></span> <span class='ocrx_word' id='word_1_63' title='bbox 1870 2416 2090 2510; x_wconf 88' lang='lat' dir='ltr'><strong>foede,</strong></span> <span class='ocrx_word' id='word_1_64' title='bbox 2137 2418 2596 2515; x_wconf 82' lang='lat' dir='ltr'><strong>thalamique</strong></span> <span class='ocrx_word' id='word_1_65' title='bbox 2636 2416 2930 2491; x_wconf 89' lang='lat' dir='ltr'><strong>cruenti</strong></span> <span class='ocrx_word' id='word_1_66' title='bbox 2948 2445 2971 2509; x_wconf 91' lang='lat'>;</span> 
     </span>
    </p>

    <p class='ocr_par' dir='ltr' id='par_1_12' title="bbox 928 2556 2843 2655">
     <span class='ocr_line' id='line_1_12' title="bbox 928 2556 2843 2655; baseline -0.001 -24"><span class='ocrx_word' id='word_1_67' title='bbox 928 2557 1117 2642; x_wconf 85' lang='lat' dir='ltr'><strong>Quae</strong></span> <span class='ocrx_word' id='word_1_68' title='bbox 1156 2556 1440 2632; x_wconf 67' lang='lat' dir='ltr'><strong>Clonus</strong></span> <span class='ocrx_word' id='word_1_69' title='bbox 1478 2556 1879 2655; x_wconf 89' lang='lat' dir='ltr'><strong>Eurytides</strong></span> <span class='ocrx_word' id='word_1_70' title='bbox 1917 2557 2158 2630; x_wconf 90' lang='lat' dir='ltr'><strong>multo</strong></span> <span class='ocrx_word' id='word_1_71' title='bbox 2194 2558 2586 2632; x_wconf 85' lang='lat' dir='ltr'><strong>caelaverat</strong></span> <span class='ocrx_word' id='word_1_72' title='bbox 2622 2580 2843 2630; x_wconf 90' lang='lat' dir='ltr'><strong>auro:</strong></span> 
     </span>
    </p>

    <p class='ocr_par' dir='ltr' id='par_1_13' title="bbox 930 2694 2992 2796">
     <span class='ocr_line' id='line_1_13' title="bbox 930 2694 2992 2796; baseline 0 -28"><span class='ocrx_word' id='word_1_73' title='bbox 930 2694 1105 2780; x_wconf 87' lang='lat' dir='ltr'><strong>Quo</strong></span> <span class='ocrx_word' id='word_1_74' title='bbox 1142 2719 1350 2768; x_wconf 86' lang='lat' dir='ltr'><strong>nunc</strong></span> <span class='ocrx_word' id='word_1_75' title='bbox 1383 2694 1683 2770; x_wconf 90' lang='lat' dir='ltr'><strong>Turnus</strong></span> <span class='ocrx_word' id='word_1_76' title='bbox 1720 2708 1895 2769; x_wconf 90' lang='lat' dir='ltr'><strong>ovat</strong></span> <span class='ocrx_word' id='word_1_77' title='bbox 1931 2696 2166 2794; x_wconf 93' lang='lat' dir='ltr'><strong>spolio</strong></span> <span class='ocrx_word' id='word_1_78' title='bbox 2201 2695 2633 2796; x_wconf 87' lang='lat' dir='ltr'><strong>gaudetque</strong></span> <span class='ocrx_word' id='word_1_79' title='bbox 2668 2694 2992 2793; x_wconf 77' lang='lat' dir='ltr'><strong>potitus,-</strong></span> 
     </span>
    </p>

    <p class='ocr_par' dir='ltr' id='par_1_14' title="bbox 929 2801 2788 2932">
     <span class='ocr_line' id='line_1_14' title="bbox 929 2801 2788 2932; baseline 0.001 -26"><span class='ocrx_word' id='word_1_80' title='bbox 929 2833 1213 2906; x_wconf 89' lang='lat' dir='ltr'><strong>Nescia</strong></span> <span class='ocrx_word' id='word_1_81' title='bbox 1248 2858 1459 2906; x_wconf 88' lang='lat' dir='ltr'><strong>mens</strong></span> <span class='ocrx_word' id='word_1_82' title='bbox 1493 2833 1885 2907; x_wconf 90' lang='lat' dir='ltr'><strong>hominum</strong></span> <span class='ocrx_word' id='word_1_83' title='bbox 1920 2801 2059 2907; x_wconf 80' lang='lat' dir='ltr'><strong>fati</strong></span> <span class='ocrx_word' id='word_1_84' title='bbox 2095 2833 2456 2932; x_wconf 89' lang='lat' dir='ltr'><strong>sortisque</strong></span> <span class='ocrx_word' id='word_1_85' title='bbox 2494 2831 2788 2926; x_wconf 83' lang='lat' dir='ltr'><strong>futurae,</strong></span> 
     </span>
    </p>

    <p class='ocr_par' dir='ltr' id='par_1_15' title="bbox 927 2971 2741 3064">
     <span class='ocr_line' id='line_1_15' title="bbox 927 2971 2741 3064; baseline -0.001 -19"><span class='ocrx_word' id='word_1_86' title='bbox 927 2971 1027 3045; x_wconf 92' lang='lat' dir='ltr'><strong>Et</strong></span> <span class='ocrx_word' id='word_1_87' title='bbox 1061 2996 1355 3046; x_wconf 89' lang='lat' dir='ltr'><strong>servare</strong></span> <span class='ocrx_word' id='word_1_88' title='bbox 1391 2971 1720 3064; x_wconf 90' lang='lat' dir='ltr'><strong>modurn,</strong></span> <span class='ocrx_word' id='word_1_89' title='bbox 1766 2971 1988 3048; x_wconf 87' lang='lat' dir='ltr'><strong>rebus</strong></span> <span class='ocrx_word' id='word_1_90' title='bbox 2025 2971 2319 3046; x_wconf 89' lang='lat' dir='ltr'><strong>sublata</strong></span> <span class='ocrx_word' id='word_1_91' title='bbox 2353 2973 2741 3048; x_wconf 88' lang='lat' dir='ltr'><strong>secundis!</strong></span> 
     </span>
    </p>

    <p class='ocr_par' dir='ltr' id='par_1_16' title="bbox 924 3109 3096 3210">
     <span class='ocr_line' id='line_1_16' title="bbox 924 3109 3096 3210; baseline 0 -27"><span class='ocrx_word' id='word_1_92' title='bbox 924 3109 1186 3184; x_wconf 91' lang='lat' dir='ltr'><strong>Turno</strong></span> <span class='ocrx_word' id='word_1_93' title='bbox 1226 3122 1521 3208; x_wconf 89' lang='lat' dir='ltr'><strong>tempus</strong></span> <span class='ocrx_word' id='word_1_94' title='bbox 1556 3109 1717 3202; x_wconf 87' lang='lat' dir='ltr'><strong>erit,</strong></span> <span class='ocrx_word' id='word_1_95' title='bbox 1768 3135 2048 3210; x_wconf 88' lang='lat' dir='ltr'><strong>magno</strong></span> <span class='ocrx_word' id='word_1_96' title='bbox 2083 3137 2314 3208; x_wconf 90' lang='lat' dir='ltr'><strong>quum</strong></span> <span class='ocrx_word' id='word_1_97' title='bbox 2351 3110 2722 3210; x_wconf 86' lang='lat' dir='ltr'><strong>optaverit</strong></span> <span class='ocrx_word' id='word_1_98' title='bbox 2759 3121 3096 3208; x_wconf 88' lang='lat' dir='ltr'><strong>emptum</strong></span> 
     </span>
    </p>

    <p class='ocr_par' dir='ltr' id='par_1_17' title="bbox 928 3248 2938 3348">
     <span class='ocr_line' id='line_1_17' title="bbox 928 3248 2938 3348; baseline 0 -26"><span class='ocrx_word' id='word_1_99' title='bbox 928 3249 1317 3322; x_wconf 90' lang='lat' dir='ltr'><strong>Intactum</strong></span> <span class='ocrx_word' id='word_1_100' title='bbox 1353 3249 1716 3340; x_wconf 86' lang='lat' dir='ltr'><strong>Pallanta,</strong></span> <span class='ocrx_word' id='word_1_101' title='bbox 1764 3262 1841 3323; x_wconf 91' lang='lat' dir='ltr'><strong>et</strong></span> <span class='ocrx_word' id='word_1_102' title='bbox 1878 3276 2109 3347; x_wconf 90' lang='lat' dir='ltr'><strong>quum</strong></span> <span class='ocrx_word' id='word_1_103' title='bbox 2148 3249 2380 3348; x_wconf 90' lang='lat' dir='ltr'><strong>spolia</strong></span> <span class='ocrx_word' id='word_1_104' title='bbox 2413 3249 2556 3323; x_wconf 89' lang='lat' dir='ltr'><strong>ista</strong></span> <span class='ocrx_word' id='word_1_105' title='bbox 2589 3248 2938 3347; x_wconf 90' lang='lat' dir='ltr'><strong>diemque</strong></span> 
     </span>
    </p>

    <p class='ocr_par' dir='ltr' id='par_1_18' title="bbox 928 3386 2772 3487">
     <span class='ocr_line' id='line_1_18' title="bbox 928 3386 2772 3487; baseline 0.002 -27"><span class='ocrx_word' id='word_1_106' title='bbox 928 3386 1215 3461; x_wconf 91' lang='lat' dir='ltr'><strong>Oderit.</strong></span> <span class='ocrx_word' id='word_1_107' title='bbox 1313 3388 1418 3461; x_wconf 92' lang='lat' dir='ltr'><strong>At</strong></span> <span class='ocrx_word' id='word_1_108' title='bbox 1452 3387 1633 3460; x_wconf 90' lang='lat' dir='ltr'><strong>socii</strong></span> <span class='ocrx_word' id='word_1_109' title='bbox 1670 3388 1911 3461; x_wconf 88' lang='lat' dir='ltr'><strong>multo</strong></span> <span class='ocrx_word' id='word_1_110' title='bbox 1947 3388 2238 3487; x_wconf 87' lang='lat' dir='ltr'><strong>gemitu</strong></span> <span class='ocrx_word' id='word_1_111' title='bbox 2273 3388 2772 3487; x_wconf 89' lang='lat' dir='ltr'><strong>lacrymisque</strong></span> 
     </span>
    </p>

    <p class='ocr_par' dir='ltr' id='par_1_19' title="bbox 930 3524 2870 3626">
     <span class='ocr_line' id='line_1_19' title="bbox 930 3524 2870 3626; baseline 0.001 -28"><span class='ocrx_word' id='word_1_112' title='bbox 930 3524 1373 3625; x_wconf 89' lang='lat' dir='ltr'><strong>Impositum</strong></span> <span class='ocrx_word' id='word_1_113' title='bbox 1409 3537 1625 3599; x_wconf 88' lang='lat' dir='ltr'><strong>scuto</strong></span> <span class='ocrx_word' id='word_1_114' title='bbox 1659 3525 2001 3600; x_wconf 89' lang='lat' dir='ltr'><strong>referunt</strong></span> <span class='ocrx_word' id='word_1_115' title='bbox 2039 3526 2383 3601; x_wconf 85' lang='lat' dir='ltr'><strong>Pallanta</strong></span> <span class='ocrx_word' id='word_1_116' title='bbox 2413 3526 2870 3626; x_wconf 88' lang='lat' dir='ltr'><strong>frequentes.</strong></span> 
     </span>
    </p>

    <p class='ocr_par' dir='ltr' id='par_1_20' title="bbox 929 3664 2912 3766">
     <span class='ocr_line' id='line_1_20' title="bbox 929 3664 2912 3766; baseline 0.002 -29"><span class='ocrx_word' id='word_1_117' title='bbox 929 3665 998 3737; x_wconf 90' lang='lat' dir='ltr'>O</span> <span class='ocrx_word' id='word_1_118' title='bbox 1036 3664 1247 3738; x_wconf 90' lang='lat' dir='ltr'><strong>dolor</strong></span> <span class='ocrx_word' id='word_1_119' title='bbox 1280 3676 1505 3761; x_wconf 87' lang='lat' dir='ltr'><strong>atque</strong></span> <span class='ocrx_word' id='word_1_120' title='bbox 1541 3664 1770 3738; x_wconf 88' lang='lat' dir='ltr'><strong>decus</strong></span> <span class='ocrx_word' id='word_1_121' title='bbox 1810 3689 2172 3765; x_wconf 89' lang='lat' dir='ltr'><strong>magnum</strong></span> <span class='ocrx_word' id='word_1_122' title='bbox 2211 3666 2540 3740; x_wconf 88' lang='lat' dir='ltr'><strong>rediture</strong></span> <span class='ocrx_word' id='word_1_123' title='bbox 2578 3667 2912 3766; x_wconf 86' lang='lat' dir='ltr'><strong>parenti!</strong></span> 
     </span>
    </p>

    <p class='ocr_par' dir='ltr' id='par_1_21' title="bbox 931 3803 3002 3901">
     <span class='ocr_line' id='line_1_21' title="bbox 931 3803 3002 3901; baseline 0.001 -25"><span class='ocrx_word' id='word_1_124' title='bbox 931 3803 1113 3876; x_wconf 87' lang='lat' dir='ltr'><strong>Haec</strong></span> <span class='ocrx_word' id='word_1_125' title='bbox 1148 3815 1225 3876; x_wconf 90' lang='lat' dir='ltr'><strong>te</strong></span> <span class='ocrx_word' id='word_1_126' title='bbox 1260 3803 1498 3901; x_wconf 90' lang='lat' dir='ltr'><strong>prima</strong></span> <span class='ocrx_word' id='word_1_127' title='bbox 1534 3803 1691 3876; x_wconf 88' lang='lat' dir='ltr'><strong>dies</strong></span> <span class='ocrx_word' id='word_1_128' title='bbox 1726 3803 1925 3877; x_wconf 91' lang='lat' dir='ltr'><strong>bello</strong></span> <span class='ocrx_word' id='word_1_129' title='bbox 1960 3803 2190 3896; x_wconf 89' lang='lat' dir='ltr'><strong>dedit,</strong></span> <span class='ocrx_word' id='word_1_130' title='bbox 2239 3807 2396 3879; x_wconf 86' lang='lat' dir='ltr'><strong>haec</strong></span> <span class='ocrx_word' id='word_1_131' title='bbox 2435 3804 2696 3878; x_wconf 87' lang='lat' dir='ltr'><strong>eadem</strong></span> <span class='ocrx_word' id='word_1_132' title='bbox 2734 3804 3002 3898; x_wconf 90' lang='lat' dir='ltr'><strong>aufert,</strong></span> 
     </span>
    </p>

    <p class='ocr_par' dir='ltr' id='par_1_22' title="bbox 931 3941 3055 4177">
     <span class='ocr_line' id='line_1_22' title="bbox 931 3941 3055 4048; baseline 0.001 -33"><span class='ocrx_word' id='word_1_133' title='bbox 931 3941 1189 4026; x_wconf 85' lang='lat' dir='ltr'><strong>Quum</strong></span> <span class='ocrx_word' id='word_1_134' title='bbox 1225 3953 1481 4014; x_wconf 90' lang='lat' dir='ltr'><strong>tamen</strong></span> <span class='ocrx_word' id='word_1_135' title='bbox 1517 3941 1868 4041; x_wconf 86' lang='lat' dir='ltr'><strong>ingentes</strong></span> <span class='ocrx_word' id='word_1_136' title='bbox 1909 3943 2356 4017; x_wconf 89' lang='lat' dir='ltr'><strong>Rutulorum</strong></span> <span class='ocrx_word' id='word_1_137' title='bbox 2395 3942 2668 4048; x_wconf 83' lang='lat' dir='ltr'><strong>linquis</strong></span> <span class='ocrx_word' id='word_1_138' title='bbox 2713 3946 3055 4019; x_wconf 88' lang='lat' dir='ltr'><strong>acervos!</strong></span> 
     </span>
     <span class='ocr_line' id='line_1_23' title="bbox 1079 4078 2938 4177; baseline 0.003 -25"><span class='ocrx_word' id='word_1_139' title='bbox 1079 4080 1253 4153; x_wconf 89' lang='lat' dir='ltr'><strong>Nec</strong></span> <span class='ocrx_word' id='word_1_140' title='bbox 1275 4078 1437 4177; x_wconf 89' lang='lat' dir='ltr'><strong>jam</strong></span> <span class='ocrx_word' id='word_1_141' title='bbox 1470 4078 1673 4155; x_wconf 85' lang='lat' dir='ltr'><strong>fama</strong></span> <span class='ocrx_word' id='word_1_142' title='bbox 1705 4081 1882 4154; x_wconf 89' lang='lat' dir='ltr'><strong>mali</strong></span> <span class='ocrx_word' id='word_1_143' title='bbox 1921 4083 2138 4173; x_wconf 89' lang='lat' dir='ltr'><strong>tanti,</strong></span> <span class='ocrx_word' id='word_1_144' title='bbox 2188 4083 2319 4157; x_wconf 90' lang='lat' dir='ltr'><strong>sed</strong></span> <span class='ocrx_word' id='word_1_145' title='bbox 2357 4083 2634 4156; x_wconf 89' lang='lat' dir='ltr'><strong>certior</strong></span> <span class='ocrx_word' id='word_1_146' title='bbox 2671 4095 2938 4158; x_wconf 87' lang='lat' dir='ltr'><strong>auctor</strong></span> 
     </span>
    </p>

    <p class='ocr_par' dir='ltr' id='par_1_23' title="bbox 929 4219 2466 4311">
     <span class='ocr_line' id='line_1_24' title="bbox 929 4219 2466 4311; baseline 0.001 -19"><span class='ocrx_word' id='word_1_147' title='bbox 929 4219 1258 4293; x_wconf 89' lang='lat' dir='ltr'><strong>Advolat</strong></span> <span class='ocrx_word' id='word_1_148' title='bbox 1292 4219 1563 4311; x_wconf 86' lang='lat' dir='ltr'><strong>AEneae,</strong></span> <span class='ocrx_word' id='word_1_149' title='bbox 1612 4221 1827 4295; x_wconf 89' lang='lat' dir='ltr'><strong>tenui</strong></span> <span class='ocrx_word' id='word_1_150' title='bbox 1863 4220 2297 4294; x_wconf 87' lang='lat' dir='ltr'><strong>discrimine</strong></span> <span class='ocrx_word' id='word_1_151' title='bbox 2337 4221 2466 4295; x_wconf 86' lang='lat' dir='ltr'><strong>leti</strong></span> 
     </span>
    </p>

    <p class='ocr_par' dir='ltr' id='par_1_24' title="bbox 932 4359 2768 4458">
     <span class='ocr_line' id='line_1_25' title="bbox 932 4359 2768 4458; baseline 0.001 -26"><span class='ocrx_word' id='word_1_152' title='bbox 932 4359 1111 4432; x_wconf 85' lang='lat' dir='ltr'><strong>Esse</strong></span> <span class='ocrx_word' id='word_1_153' title='bbox 1147 4383 1334 4448; x_wconf 68' lang='lat' dir='ltr'><strong>sum,</strong></span> <span class='ocrx_word' id='word_1_154' title='bbox 1378 4369 1673 4458; x_wconf 87' lang='lat' dir='ltr'><strong>tempus</strong></span> <span class='ocrx_word' id='word_1_155' title='bbox 1711 4359 1937 4432; x_wconf 90' lang='lat' dir='ltr'><strong>versis</strong></span> <span class='ocrx_word' id='word_1_156' title='bbox 1973 4385 2412 4434; x_wconf 87' lang='lat' dir='ltr'><strong>succurrere</strong></span> <span class='ocrx_word' id='word_1_157' title='bbox 2439 4361 2768 4436; x_wconf 75' lang='lat' dir='ltr'><strong>Teucris·</strong></span> 
     </span>
    </p>

    <p class='ocr_par' dir='ltr' id='par_1_25' title="bbox 931 4495 3110 4599">
     <span class='ocr_line' id='line_1_26' title="bbox 931 4495 3110 4599; baseline 0 -28"><span class='ocrx_word' id='word_1_158' title='bbox 931 4495 1283 4571; x_wconf 85' lang='lat' dir='ltr'><strong>Proxima</strong></span> <span class='ocrx_word' id='word_1_159' title='bbox 1314 4521 1621 4595; x_wconf 87' lang='lat' dir='ltr'><strong>quaeque</strong></span> <span class='ocrx_word' id='word_1_160' title='bbox 1666 4497 1885 4571; x_wconf 89' lang='lat' dir='ltr'><strong>metit</strong></span> <span class='ocrx_word' id='word_1_161' title='bbox 1921 4497 2194 4597; x_wconf 83' lang='lat' dir='ltr'><strong>gladie,</strong></span> <span class='ocrx_word' id='word_1_162' title='bbox 2243 4500 2628 4598; x_wconf 89' lang='lat' dir='ltr'><strong>latumque</strong></span> <span class='ocrx_word' id='word_1_163' title='bbox 2665 4525 2799 4599; x_wconf 90' lang='lat' dir='ltr'><strong>per</strong></span> <span class='ocrx_word' id='word_1_164' title='bbox 2835 4523 3110 4598; x_wconf 86' lang='lat' dir='ltr'><strong>agmen</strong></span> 
     </span>
    </p>

    <p class='ocr_par' dir='ltr' id='par_1_26' title="bbox 932 4634 2972 4746">
     <span class='ocr_line' id='line_1_27' title="bbox 932 4634 2972 4746; baseline 0.002 -38"><span class='ocrx_word' id='word_1_165' title='bbox 932 4634 1227 4712; x_wconf 90' lang='lat' dir='ltr'><strong>Ardens</strong></span> <span class='ocrx_word' id='word_1_166' title='bbox 1261 4634 1577 4710; x_wconf 89' lang='lat' dir='ltr'><strong>limitem</strong></span> <span class='ocrx_word' id='word_1_167' title='bbox 1615 4635 1775 4736; x_wconf 86' lang='lat' dir='ltr'><strong>agit</strong></span> <span class='ocrx_word' id='word_1_168' title='bbox 1807 4634 2045 4728; x_wconf 80' lang='lat' dir='ltr'><strong>ferr03</strong></span> <span class='ocrx_word' id='word_1_169' title='bbox 2105 4649 2205 4731; x_wconf 88' lang='lat' dir='ltr'><strong>te,</strong></span> <span class='ocrx_word' id='word_1_170' title='bbox 2244 4640 2522 4732; x_wconf 89' lang='lat' dir='ltr'><strong>Turne,</strong></span> <span class='ocrx_word' id='word_1_171' title='bbox 2569 4639 2972 4746; x_wconf 86' lang='lat' dir='ltr'><strong>superbum</strong></span> 
     </span>
    </p>
   </div>
  </div>
 </body>
</html>
