3792 6234
680 989 749 1040 v.
796 971 953 1038 152.
1412 960 1803 1038 LIBER
1903 961 2126 1038 VIII.
2725 971 2850 1036 111

678 1162 727 1236 J
734 1187 857 1238 am
887 1159 1175 1236 dudum
1210 1172 1290 1235 et
1321 1171 1569 1236 totum
1602 1161 1971 1238 lustrabat
2006 1161 2293 1237 lumine
2329 1186 2622 1264 corpus·

684 1301 881 1374 Tum
918 1299 1025 1374 sic
1060 1323 1304 1398 pauca
1338 1298 1608 1388 refert:
1648 1301 1762 1376 Ut
1794 1313 1894 1393 te,
1940 1299 2343 1376 fortissime
2373 1302 2441 1375 T
2443 1301 2772 1393 eucrfim,

685 1438 1002 1538 Accipio
1038 1463 1516 1538 agnoscoque
1552 1439 1831 1515 libens!
1889 1451 1977 1513 ut
2009 1440 2240 1515 verba
2273 1440 2606 1540 parentis

684 1579 785 1652 Et
818 1602 1083 1652 vocem
1117 1577 1469 1654 Anchisae
1500 1578 1762 1678 magni
1795 1579 2242 1677 vultumque
2277 1578 2668 1653 recordor!

688 1716 893 1792 Nam
927 1715 1239 1791 memini
1277 1716 1625 1792 Hesionae
1658 1717 2031 1792 visentem
2067 1741 2308 1816 regna
2341 1717 2610 1790 sororis

690 1853 1382 1931 Laomedontiaden
1422 1854 1825 1948 Priamum,
1869 1855 2246 1930 Salamina
2277 1867 2690 1954 petentem,

691 1993 1061 2068 Protenus
1094 1994 1437 2072 Arcadiae
1470 1995 1759 2095 gelidos
1806 1993 2128 2069 invisere
2161 1995 2372 2070 fines.

689 2132 887 2206 Tum
923 2132 1109 2210 mihi
1144 2132 1385 2231 prima
1420 2157 1655 2232 genas
1691 2130 2018 2207 vestibat
2051 2133 2233 2208 flore
2253 2132 2617 2233 juventa3

694 2269 1179 2370 Mirabarque
1216 2270 1447 2345 duces
1473 2271 1806 2345 Teucros
1826 2299 1845 2361 ;
1905 2270 2232 2345 mirabar
2267 2282 2346 2346 et
2379 2270 2620 2370 ipsum

694 2407 1428 2486 Laomedontiaden:
1486 2407 1617 2484 sed
1656 2409 1954 2484 cunctis
1993 2409 2214 2484 altior
2249 2409 2407 2484 ibat

691 2546 1083 2621 Anchises,
1197 2546 1395 2620 Mihi
1430 2572 1644 2622 mens
1668 2545 2013 2645 juvenali
2049 2546 2365 2621 ardebat
2401 2571 2652 2621 amore

699 2683 1169 2783 Compellare
1205 2685 1469 2777 virum,
1518 2699 1599 2759 et
1632 2685 1922 2760 dextrae
1961 2684 2428 2786 conjungere
2461 2684 2848 2761 dextram:

656 2822 1022 2930 ,Accessi,
1070 2835 1147 2896 et
1184 2823 1499 2924 cupidus
1537 2823 1825 2899 Phenei
1858 2823 1996 2898 sub
2031 2825 2308 2899 moenia
2339 2823 2550 2898 duxi.

698 2958 837 3036 Ille
874 2961 1058 3035 mihi
1093 2960 1469 3062 insignem
1503 2965 1933 3062 pharetram
1973 2962 2387 3061 Lyciasque
2421 2963 2758 3062 sagittas,

697 3099 1137 3194 Discedens,
1187 3100 1807 3200 chlamydemque
1846 3125 2027 3174 auro
2065 3099 2279 3176 dedit
2313 3101 2830 3193 intertextam,

698 3237 1083 3336 Frenaque
1118 3239 1301 3315 bina
1335 3265 1545 3315 meus
1582 3266 1744 3338 quae
1780 3265 1987 3314 nunc
2024 3239 2254 3314 habet
2287 3264 2515 3314 aurea
2543 3240 2814 3346 Pallas.

697 3376 903 3476 Ergo
937 3389 1015 3450 et
1042 3403 1268 3476 quam
1297 3377 1553 3477 petitis
1574 3376 1853 3484 juncta
1889 3389 2004 3452 est
2038 3377 2221 3456 mihi
2257 3377 2535 3453 foedere
2564 3379 2873 3455 dextra:

696 3513 819 3606 Et,
864 3516 998 3590 lux
1034 3529 1265 3614 quum
1300 3516 1624 3616 primum
1657 3517 1876 3592 terris
1913 3541 1991 3590 se
2028 3516 2358 3592 crastina
2389 3516 2678 3609 reddet,

699 3653 1009 3728 Auxilio
1042 3655 1247 3730 laetos
1282 3655 1682 3747 dimittam,
1730 3655 2141 3754 opibusque
2171 3655 2476 3754 juvabo·

703 3790 1009 3866 Interea
1042 3817 1257 3866 sacra
1288 3794 1466 3885 haec,
1515 3790 1818 3891 quando
1854 3794 2006 3868 huc
2039 3792 2350 3867 venistis
2386 3793 2630 3887 amici,

699 3930 1002 4023 Annua,
1050 3957 1211 4029 quae
1246 3931 1549 4006 differre
1583 3930 1819 4024 nefaS,
1868 3930 2247 4006 celebrate
2279 3929 2624 4007 faventes

702 4067 1145 4162 Nobiscum,
1186 4083 1263 4145 et
1286 4068 1448 4169 jam
1484 4095 1693 4146 nunc
1730 4070 2100 4145 sociorum
2141 4071 2542 4145 assuescite
2577 4072 2872 4148 mensis.

852 4207 1037 4282 Haec
1072 4207 1202 4282 ubi
1237 4206 1463 4301 dicta,
1510 4209 1739 4308 dapes
1764 4208 1987 4308 jubet
2024 4220 2103 4284 et
2137 4203 2432 4284 sublata
2466 4211 2728 4310 reponi

703 4344 1003 4439 Pocula,
1051 4347 1591 4448 gramineoque
1628 4348 1821 4422 viros
1857 4348 2062 4422 locat
2095 4347 2250 4447 ipse
2285 4349 2498 4424 sedili
2518 4376 2538 4440 ;

706 4483 1322 4584 Praecipuumque
1358 4498 1525 4560 toro
1563 4499 1641 4560 et
1673 4486 1916 4562 villosi
1950 4485 2142 4586 pelle
2179 4486 2416 4560 leonis

704 4623 1007 4722 Accipit
1038 4625 1353 4716 AEnean,
1400 4624 1741 4724 solioque,
1775 4624 2050 4700 invitat
2084 4647 2380 4700 acern0.
2421 4699 2428 4704 .
