3792 6234
932 905 1074 971 214
1792 897 2223 970 AENEIS.
2806 922 2871 969 v.
2912 907 3076 973 231.

926 1092 1218 1166 Vertite
1258 1092 1349 1165 ad
1388 1095 1695 1166 AEnean.
1805 1096 2155 1168 Stetimus
2193 1095 2344 1168 tela
2379 1117 2635 1191 aspera
2674 1107 2952 1185 contra,

927 1231 1547 1329 Contulimusque
1582 1257 1885 1306 manus:
1945 1246 2256 1331 experto
2292 1231 2594 1322 credite,
2643 1243 2963 1329 quantus

924 1369 1014 1442 In
1055 1371 1399 1469 clypeum
1435 1385 1790 1470 assurgat,
1838 1396 1984 1467 quo
1996 1369 2322 1496 Aturbine
2358 1382 2703 1467 torqueat
2738 1372 3044 1444 hastam.

922 1508 992 1580 Si
1027 1507 1177 1581 duo
1214 1521 1566 1606 praeterea
1598 1511 1781 1581 tales
1822 1509 2021 1581 Idaea
2062 1508 2348 1581 tulisset

919 1646 1150 1718 Terra
1183 1646 1398 1736 viros,
1445 1649 1640 1719 ultro
1678 1647 2023 1718 Inachias
2057 1648 2382 1720 venisset
2420 1647 2512 1719 ad
2549 1646 2766 1719 urbes

919 1783 1340 1874 DardanuS,
1389 1796 1465 1856 et
1499 1783 1726 1856 versis
1759 1784 2055 1882 lugeret
2086 1784 2380 1857 Graecia
2412 1782 2607 1856 fatis,

920 1921 1305 2019 Quidquid
1343 1921 1537 2019 apud
1576 1922 1776 1994 durae
1818 1935 2185 1995 cessatum
2223 1935 2335 1994 est
2368 1922 2642 1995 moenia
2668 1920 2922 2019 Trojae,

924 2058 1272 2134 Hectoris
1303 2060 1697 2157 AEneaeque
1734 2084 1963 2132 manu
1996 2060 2311 2133 victoria
2338 2060 2653 2133 Graium

922 2196 1173 2288 Haesit,
1223 2208 1299 2269 et
1337 2197 1412 2269 in
1451 2196 1850 2270 decumum
1887 2196 2203 2295 vestigia
2238 2196 2527 2270 rettulit
2564 2222 2867 2269 annum.

919 2333 1162 2405 Ambo
1199 2334 1484 2425 animiS,
1531 2333 1751 2407 ambo
1787 2334 2115 2432 insignes
2154 2333 2668 2432 praestantibus
2706 2333 2963 2407 armis:

924 2472 1068 2544 Hic
1105 2472 1383 2569 pietate
1419 2471 1635 2569 prior.
1736 2471 2028 2545 Coeant
2064 2471 2140 2544 in
2175 2470 2455 2545 foedera
2488 2470 2792 2563 dextrae,

922 2608 1097 2693 Qua
1128 2609 1384 2681 datur:
1444 2620 1556 2680 ast
1594 2609 1812 2681 armis
1851 2624 2307 2682 concurrant
2342 2634 2548 2682 anna
2583 2621 2861 2682 cavete.

918 2747 1018 2820 Et
1053 2771 1403 2845 responsa
1436 2747 1652 2819 simul
1688 2773 1847 2844 quae
1881 2748 2052 2838 sint,
2101 2773 2235 2819 rex
2272 2747 2570 2845 optime,
2619 2747 2813 2846 regis

918 2884 1235 2976 Audisti,
1285 2897 1361 2957 et
1396 2911 1555 2982 quae
1589 2886 1685 2958 sit
1719 2908 1998 2983 magno
2032 2885 2407 2958 sententia
2440 2884 2653 2957 belle.

923 3016 926 3021 ’
1065 3023 1218 3095 Vix
1255 3048 1345 3095 ea
1377 3023 1644 3120 legati;
1704 3023 2096 3119 variusque
2141 3049 2272 3121 per
2305 3049 2436 3096 ora
2472 3024 2804 3096 cucurrit

918 3161 1382 3234 Ausonidum
1421 3159 1720 3233 turbata
1753 3159 2067 3233 fremor:
2128 3186 2268 3233 ceu
2302 3186 2484 3232 saxa
2520 3175 2907 3233 morantur

919 3299 1173 3384 Quum
1212 3300 1503 3397 rapidos
1542 3323 1834 3387 amnes3
1894 3299 1978 3370 fit
2015 3298 2264 3371 clauso
2301 3298 2600 3397 gurgite
2636 3304 2988 3389 murmur,

916 3438 1348 3533 Vicinaeque
1384 3435 1719 3509 fremunt
1753 3437 1925 3533 ripae
1962 3436 2497 3533 crepitantibus
2532 3435 2773 3509 undis.

918 3575 1024 3648 Ut
1061 3576 1380 3672 primum
1416 3572 1690 3670 placati
1729 3573 1979 3664 animi,
2032 3588 2106 3645 et
2141 3573 2433 3671 trepida
2467 3599 2595 3646 ora
2629 3574 3000 3670 quierunt,

919 3711 1269 3785 Praefatus
1307 3710 1536 3800 divos,
1585 3710 1766 3782 solio
1801 3735 1935 3783 rex
1982 3710 2144 3783 infit
2181 3711 2271 3783 ab
2312 3712 2499 3783 alto:

1061 3851 1262 3920 Ante
1301 3847 1642 3943 equidem
1682 3872 1970 3919 summa
2003 3847 2098 3920 de
2135 3872 2213 3920 re
2249 3848 2614 3941 statuisse,
2667 3849 2937 3941 Latini,

914 3986 1011 4058 Et
1047 3986 1333 4076 vellem,
1383 3999 1459 4057 et
1493 3982 1738 4057 fuerat
1771 3985 2070 4057 melius:
2130 4010 2279 4058 non
2318 4001 2651 4084 tempore
2687 3988 2820 4060 tali

916 4125 1206 4222 Cogere
1246 4110 1667 4213 concilium,
1716 4149 1944 4220 quum
1983 4148 2229 4195 muros
2264 4122 2553 4196 adsidet
2589 4124 2838 4197 hostiS.

916 4262 1204 4334 Bellum
1247 4261 1774 4358 importunum,
1825 4261 2043 4350 civeS,
2094 4286 2263 4332 cum
2304 4274 2533 4357 gente
2569 4262 2876 4335 deorum

914 4399 1370 4496 Invictisque
1408 4399 1579 4472 viris
1615 4398 1962 4498 gerimuS,
2010 4423 2189 4495 quos
2230 4399 2438 4470 nulla
2470 4396 2799 4498 fatigant

913 4536 1194 4627 Proelia,
1244 4562 1384 4610 uec
1423 4536 1601 4609 victi
1638 4547 1948 4635 possunt
1983 4535 2332 4608 absistere
2366 4534 2583 4607 ferro·
