3792 6234
891 889 1030 964 104
1744 883 1837 958 Ε
1860 883 1938 957 N
1965 881 2028 957 E
2053 881 2091 956 1
2115 883 2180 956 s,
2767 901 2842 958 v:
2859 845 3042 969 797.

881 1080 1129 1157 Littus
1162 1092 1401 1174 arant,
1448 1079 1914 1180 Rutulosque
1949 1090 2311 1156 exercent
2341 1105 2644 1157 vomere
2681 1083 2928 1176 colles,

884 1219 1399 1318 Circaeumque
1421 1218 1735 1320 jugum3
1788 1219 1996 1318 queis
2026 1219 2076 1295 J
2080 1219 2378 1320 uppiter
2409 1220 2768 1294 Anxurus
2805 1221 2999 1296 arvis

879 1358 1251 1452 Praesidet,
1300 1370 1377 1434 et
1411 1358 1629 1454 viridi
1666 1359 2004 1458 gaudens
2039 1357 2354 1432 Feronia
2386 1359 2598 1448 luco;

881 1497 1058 1583 Qua
1090 1498 1367 1573 Saturae
1388 1495 1601 1596 jacet
1634 1507 1798 1573 atra
1828 1496 2062 1596 palus,
2111 1495 2550 1596 gelidusque
2585 1521 2719 1597 per
2751 1495 2946 1578 imas,

878 1635 1169 1722 Quaerit
1203 1634 1348 1710 iter
1378 1635 1607 1710 valles
1642 1646 1867 1732 atque
1901 1634 1982 1710 in
2017 1659 2224 1708 mare
2261 1633 2615 1709 conditur
2643 1632 2904 1709 Ufens,

1026 1775 1183 1848 Hos
1217 1798 1441 1873 super
1474 1773 1781 1847 advenit
1808 1773 2088 1847 Volsca
2123 1772 2218 1846 de
2253 1785 2485 1873 gente
2517 1772 2855 1864 Camilla,

873 1912 1175 2011 Agmen
1212 1935 1443 2012 agens
1482 1910 1839 2008 equitum,
1888 1921 1965 1983 et
1999 1911 2348 1985 florentes
2381 1935 2524 1984 aere
2561 1923 2950 2003 catervaS„

878 2048 1276 2124 Bellatrix:
1334 2074 1489 2124 non
1525 2048 1653 2122 illa
1686 2048 1853 2122 colo
1890 2048 2298 2123 calathisve
2335 2048 2701 2124 Minervae

876 2187 1263 2262 Femineas
1300 2198 1595 2262 assueta
1628 2211 1933 2276 manus;
1983 2187 2113 2260 sed
2147 2187 2405 2284 proelia
2435 2188 2652 2287 virgo

876 2324 1089 2399 Dura
1122 2324 1301 2423 pati,
1348 2344 1719 2422 cursuque
1752 2325 2028 2423 pedum
2064 2339 2504 2424 praevertere
2537 2337 2824 2400 ventos,

877 2463 1020 2537 Illa
1050 2463 1171 2536 vel
1207 2462 1508 2537 intactae
1536 2461 1813 2561 segetis
1849 2487 1984 2560 per
2013 2487 2306 2536 summa
2336 2463 2624 2541 volaret

878 2601 1266 2692 Gramina,
1312 2624 1456 2674 nec
1494 2612 1789 2674 teneras
1825 2625 2050 2673 cursu
2082 2601 2384 2675 laesisset
2417 2601 2718 2675 aristas:

875 2740 1021 2814 Vel
1053 2763 1259 2814 mare
1292 2763 1426 2838 per
1460 2737 1809 2830 medium,
1856 2740 2095 2813 fluctu
2129 2764 2485 2838 suspensa
2519 2739 2866 2834 tumenti,

876 2877 1132 2952 Ferret
1166 2877 1329 2968 iter,
1380 2877 1657 2950 celeres
1692 2900 1837 2950 nec
1874 2876 2207 2990 tingeret
2239 2903 2531 2976 aequore
2564 2879 2879 2978 plantas,

876 3016 1092 3090 Illam
1130 3015 1369 3088 omnis
1404 3014 1625 3088 tectis
1661 3015 2006 3114 agrisque
2043 3014 2278 3090 effusa
2297 3015 2662 3115 juventus

866 3153 1272 3250 Turbaque
1307 3152 1623 3227 miratur
1653 3165 2001 3244 matrum,
2050 3164 2127 3227 et
2161 3165 2590 3253 prospectat
2624 3166 2952 3249 euntem,

876 3292 1237 3367 Attonitis
1274 3290 1569 3364 inhians
1605 3289 1871 3365 animis
1888 3319 1909 3382 ;
1967 3303 2056 3366 ut
2089 3291 2338 3390 regius
2373 3306 2574 3366 ostro

876 3431 1101 3505 Velet
1134 3430 1369 3504 honos
1403 3429 1601 3502 leves
1638 3429 2024 3518 humeros;
2081 3439 2169 3502 ut
2203 3429 2431 3503 fibula
2467 3431 2753 3506 crinem

874 3570 1083 3644 Auro
1117 3567 1614 3657 internectat3
1659 3564 1968 3665 Lyciam
2005 3576 2094 3640 ut
2127 3578 2344 3666 gerat
2377 3567 2535 3666 ipsa
2565 3570 3014 3668 pharetram,

877 3708 978 3787 Et
1010 3707 1451 3806 pastoralem
1486 3705 1787 3804 praefixa
1820 3703 2127 3803 cuspide
2163 3716 2516 3805 myrtum.
