3792 6234
933 966 978 1029 2
1787 955 2222 1031 AENEIS.
2860 980 2927 1027 v.
2978 964 3083 1028 13.

929 1152 1254 1245 Quidve,
1301 1164 1516 1252 pater
1547 1152 1933 1252 Neptune,
1981 1152 2239 1252 paras?
2302 1150 2421 1225 Sic
2456 1150 2731 1225 deinde
2766 1152 3083 1241 locutus»,

931 1291 1308 1391 Colligere
1342 1317 1550 1365 arma
1569 1289 1812 1389 jubet,
1855 1288 2268 1388 validisque
2303 1287 2739 1363 incumbere
2772 1288 3033 1377 remis;
3148 1336 3159 1342 -

928 1429 1434 1528 Obliquatque
1476 1428 1678 1504 sinus
1714 1430 1794 1502 in
1827 1440 2165 1519 ventum,
2211 1451 2301 1500 ac
2336 1426 2519 1499 talia
2550 1424 2791 1500 fatur:

925 1566 1426 1667 Magnanime
1457 1568 1715 1658 AEnea‚
1762 1590 1941 1659 non,
1986 1566 2048 1639 si
2082 1565 2267 1641 mihi
2296 1566 2347 1639 J
2350 1544 2651 1665 uppiter
2683 1577 2950 1639 auctor

924 1706 1322 1804 Spondeat,
1366 1706 1512 1779 hoc
1545 1729 1836 1804 sperem
1853 1704 2171 1778 Italiam
2206 1702 2651 1803 contingere
2689 1703 2895 1777 coelo.

925 1842 1211 1919 Mutati
1243 1857 1666 1919 transversa
1695 1843 2053 1937 fremunt,
2100 1856 2179 1917 et
2210 1868 2516 1942 vespere
2552 1843 2647 1916 ab
2682 1848 2849 1919 atr'o

926 1982 1420 2083 Consurgunt
1451 1982 1683 2075 venti,
1729 1994 1957 2082 atque
1992 1983 2071 2057 in
2106 1982 2385 2057 nubem
2422 1982 2723 2081 cogitur
2755 2006 2901 2055 aer.

923 2120 1096 2195 Nec
1129 2146 1266 2195 nos
1301 2119 1543 2195 obniti
1579 2131 1862 2213 contra,
1908 2146 2055 2195 nec
2090 2091 2405 2195 tendere
2438 2131 2761 2211 tantum,

921 2260 1374 2334 sufficimus:
1429 2272 1731 2359 superat
1763 2260 2119 2357 quoniam
2153 2257 2481 2351 fortuna,
2526 2283 2957 2355 sequamur;

919 2399 1242 2496 Quoque
1275 2410 1500 2473 vocat
1531 2410 1909 2483 vertamus
1946 2398 2106 2471 iter.
2202 2398 2375 2471 Nec
2412 2398 2667 2470 littora
2698 2397 2925 2495 longe

921 2536 1106 2611 Fida
1141 2560 1310 2610 reor
1338 2534 1675 2610 fraterna
1709 2536 1991 2633 Eryci3‚
2035 2548 2439 2634 portusque
2475 2533 2799 2625 Siczmoe,

919 2674 996 2749 Si
1029 2674 1255 2747 modo
1287 2674 1429 2748 rite
1463 2700 1750 2749 memor
1783 2686 2079 2747 servata
2110 2674 2463 2747 remetior
2497 2685 2714 2746 astra.

919 2811 1114 2886 Tum
1151 2812 1312 2911 pius
1349 2812 1657 2885 AEneas:
1713 2811 2081 2909 Equidem
2118 2812 2225 2885 sic
2260 2836 2565 2911 poscere
2599 2824 2864 2884 ventos

918 2950 969 3023 J
973 2974 1092 3024 am
1129 2950 1436 3041 dudum,
1483 2961 1561 3025 et
1591 2948 1870 3023 frustra
1904 2974 2134 3023 cerno
2167 2962 2245 3022 te
2280 2948 2594 3023 tendere
2630 2961 2915 3022 contra.

921 3088 1174 3163 Flecte
1205 3090 1406 3163 viam
1440 3090 1643 3163 velis.
1752 3088 1876 3161 An
1913 3087 2011 3161 sit
2042 3088 2226 3161 mihi
2262 3086 2548 3187 gratior
2583 3087 2755 3178 ulla,

799 3218 802 3223 ¹
923 3228 1190 3313 Quove
1224 3228 1462 3327 magis
1494 3226 1722 3301 fessas
1757 3241 2010 3327 optem
2044 3226 2443 3300 demittere
2479 3250 2728 3318 naves,

922 3366 1173 3453 Quam
1209 3392 1370 3466 quae
1403 3365 1874 3440 Dardanium
1911 3366 2131 3439 tellus
2165 3362 2351 3439 mihi
2386 3376 2633 3438 servat
2666 3364 3015 3455 Acesten,

921 3504 1021 3579 Et
1054 3504 1282 3604 patris
1317 3504 1661 3579 Anchisae
1703 3504 1992 3604 gremio
2026 3502 2553 3603 complectitur
2585 3502 2790 3576 ossa?

923 3644 1106 3717 Haec
1141 3643 1270 3717 ubi
1303 3643 1530 3735 dicta,
1579 3654 1849 3743 petunt
1883 3656 2160 3742 porum,
2208 3655 2287 3715 et
2321 3642 2488 3715 vela
2520 3640 2835 3715 secundi

923 3781 1346 3857 Intendunt
1378 3782 1732 3879 Zephyri:
1788 3779 2032 3855 fertur
2066 3782 2218 3854 cita
2250 3779 2555 3880 gurgite
2594 3779 2839 3853 classis
2858 3806 2879 3869 3

921 3919 1021 3994 Et
1051 3920 1360 3993 tandem
1395 3920 1544 3993 laeti
1576 3930 1774 3995 notae
1809 3919 2307 3994 advertuntur
2340 3916 2599 3993 a‘renae.

1067 4062 1172 4133 At
1205 4059 1466 4157 procul
1503 4061 1802 4132 excelso
1833 4058 2143 4132 miratus
2176 4056 2460 4133 vertice
2495 4055 2771 4130 montis

919 4198 1353 4272 Adventum
1389 4199 1768 4297 sociasque
1802 4210 2020 4291 rates,
2067 4197 2397 4271 occurrit
2428 4198 2761 4287 AcesteS,

921 4336 1287 4409 Horridus
1323 4336 1400 4409 in
1424 4332 1696 4433 jaculis
1733 4349 1812 4411 et
1843 4336 2036 4435 pelle
2075 4334 2476 4433 Libystidis
2513 4360 2741 4437 ursae5.

917 4474 1142 4548 Troia
1178 4473 1506 4548 Crimiso.
1529 4488 1981 4573 conceptum
2018 4471 2325 4548 flumine
2363 4485 2606 4547 mater

920 4613 1166 4701 Quem
1196 4612 1482 4713 genuit.
1544 4614 1909 4689 Veterum
1942 4637 2095 4687 non
2132 4612 2521 4687 immemor
2544 4612 2670 4687 ille
2695 4624 3114 4710 parentum,
