3792 6234
944 983 1043 1055 90
1750 969 2266 1089 'AENEIS..
2710 1029 2713 1032 -
2827 970 3096 1043 v.436.

946 1169 1024 1242 N
1028 1195 1149 1260 on,
1196 1179 1283 1242 ut
1318 1193 1499 1260 rere,
1547 1192 1748 1242 meas
1785 1168 2056 1268 effugit
2089 1165 2401 1241 nuntius
2439 1189 2691 1258 aures;
2803 1175 2806 1180 ’
2911 1185 2916 1192 ·

945 1305 1069 1379 Ne
1106 1317 1357 1380 tantos
1391 1307 1576 1396 mihi
1610 1307 1813 1405 finge
1848 1317 2128 1380 metus:
2187 1330 2332 1380 nec
2365 1304 2575 1404 regia
2607 1303 2654 1377 J
2661 1327 2814 1377 uno

942 1443 1346 1518 Immemor
1382 1455 1494 1518 est
1528 1443 1785 1518 nostri.

940 1581 1082 1654 Sed
1116 1593 1194 1656 te
1228 1582 1433 1656 victa
1465 1582 1615 1656 situ
1647 1575 1956 1679 verique
1985 1582 2214 1656 effeta
2249 1593 2619 1674 senectuS,

940 1717 1010 1791 Ο
1043 1730 1303 1810 mater,
1352 1720 1547 1804 curis
1582 1719 2090 1817 nequidquam
2127 1733 2453 1811 exercet,
2503 1733 2582 1793 et
2615 1744 2822 1793 arma

937 1855 1231 1954 Regum
1269 1855 1471 1930 inter
1500 1854 1689 1930 falsa
1722 1869 1970 1930 vatem
2005 1855 2407 1931 formidine
2441 1857 2659 1930 ludit.

941 1993 1147 2067 Cura
1180 1992 1340 2086 tibi,
1388 1993 1645 2068 divum
1682 1993 1962 2093 effigies
2002 2007 2080 2068 et
2113 1995 2394 2092 templa
2427 1993 2665 2068 tueri:

938 2131 1143 2224 Bella
1176 2130 1316 2206 viri
1352 2156 1762 2230 pacemque
1796 2143 2089 2231 gerent,
2135 2132 2342 2230 queis
2376 2131 2576 2205 bella
2606 2129 2961 2230 gerenda.

1080 2269 1387 2343 Talibus
1421 2271 1718 2344 Allecto
1751 2270 1972 2343 dictis
2009 2271 2288 2345 exarsit
2324 2271 2402 2342 in
2440 2269 2604 2342 iraS.

938 2407 1042 2481 At
1064 2404 1328 2504 juveni
1360 2407 1606 2481 oranti
1640 2407 1928 2481 subitus
1963 2421 2245 2482 tremor
2278 2419 2600 2504 occupat
2636 2419 2836 2480 artus
2855 2433 2874 2496 ;

937 2543 1358 2643 Deriguere
1393 2543 1629 2618 oculi:
1684 2555 1802 2618 tot
1838 2543 2163 2643 Erinnys
2199 2544 2447 2618 sibilat
2479 2544 2756 2642 hydris,

930 2681 1325 2777 Tantaque
1362 2705 1439 2754 se
1472 2680 1703 2755 facies
1738 2682 1997 2779 aperit.
2089 2683 2284 2756 Tum
2321 2683 2664 2756 flammea
2697 2693 3056 2777 torquens

936 2817 1277 2910 Lumina,
1326 2831 1837 2911 cunctantem,
1884 2831 1964 2893 et
1997 2831 2452 2917 quaerentem
2486 2819 2737 2893 dicere
2775 2819 3008 2915 plura,

936 2955 1259 3053 Repulit,
1308 2968 1386 3030 et
1417 2957 1757 3056 geminos
1792 2958 2037 3030 erexit
2073 2957 2402 3031 crinibus
2439 2981 2744 3056 angueS,

936 3094 1415 3192 Verberaque
1449 3093 1804 3186 insonuit,
1850 3095 2258 3193 rabidoque
2294 3096 2452 3168 haec
2489 3093 2780 3167 addidit
2817 3117 2982 3166 ore:

932 3230 1050 3305 En
1090 3255 1233 3332 ego
1264 3232 1469 3306 victa
1500 3233 1670 3323 situ,
1716 3255 1942 3329 quam
1975 3232 2132 3306 veri
2169 3233 2396 3306 effeta
2429 3245 2776 3306 senectus

932 3371 1163 3442 Arma
1196 3370 1396 3444 inter
1431 3395 1693 3470 regum
1728 3368 1918 3444 falsa
1949 3369 2350 3444 formidine
2383 3369 2600 3443 ludit.
2643 3433 2650 3442 .

933 3506 1246 3605 Respice
1282 3509 1377 3580 ad
1410 3509 1607 3582 haec:
1666 3508 1928 3582 adsum
1961 3507 2292 3581 dirarum
2330 3508 2422 3581 ab
2457 3507 2634 3581 sede
2667 3530 3039 3580 sororum:

934 3644 1141 3718 Bella
1173 3670 1403 3718 manu
1436 3646 1821 3744 letumque
1855 3671 2057 3746 gero,

932 3782 1051 3855 Sic
1088 3781 1316 3855 effata
1347 3780 1591 3856 facem
1617 3781 1883 3882 juveni
1921 3783 2269 3883 conjecit,
2319 3797 2397 3860 et
2432 3797 2594 3860 atro

935 3918 1253 3993 Lumine
1287 3918 1664 3994 fumantes
1698 3921 1865 3994 fixit
1900 3922 2036 3996 sub
2075 3936 2377 4020 pectore
2413 3923 2660 3997 taedaS.

1080 4056 1231 4130 Olli
1256 4082 1596 4132 somnum
1621 4058 1695 4131 in
1703 4057 1889 4158 gens
1914 4060 2193 4158 rumpit
2215 4085 2478 4158 pavor:
2509 4085 2816 4159 ossaque
2840 4071 2917 4134 et
2941 4069 3142 4135 artus

933 4193 1329 4268 Perfundit
1368 4179 1527 4270 toto
1560 4208 1955 4295 proruptus
1994 4222 2301 4296 corpore
2331 4199 2581 4273 sudor.

931 4333 1164 4405 Arma
1198 4357 1453 4407 amens
1486 4332 1777 4425 fremit3
1836 4359 2043 4407 arma
2073 4345 2238 4409 toro
2273 4301 2641 4434 tectisque
2678 4337 3006 4436 requirit.

933 4468 1149 4546 Saevit
1184 4495 1393 4568 amor
1422 4470 1623 4564 ferri,
1670 4483 1747 4546 et
1780 4474 2142 4546 scelerata
2174 4473 2465 4548 insania
2497 4475 2693 4567 belli,

933 4605 1059 4678 Ira
1092 4629 1329 4706 super.
1440 4609 1733 4709 Magno
1764 4610 2003 4685 veluti
2039 4636 2267 4709 quum
2303 4611 2600 4688 flamma
2631 4637 2894 4688 sonore
