3792 6234
691 966 760 1016 v.
797 944 917 1015 48.
1490 934 1881 1013 LIBER
1980 938 2080 1013 X.
2725 941 2860 1024 169

687 1137 787 1212 Et
822 1160 1371 1236 quamcumque
1403 1136 1604 1211 viam
1638 1137 1935 1212 dederit
1966 1135 2276 1211 fortuna
2307 1146 2696 1237 sequatur:

690 1276 765 1349 H
774 1301 921 1352 unc
958 1288 1218 1376 tegere
1262 1286 1340 1351 et
1374 1274 1553 1351 dirae
1588 1278 1877 1349 valeam
1915 1274 2333 1350 subducere
2363 1300 2658 1375 pugnae.

686 1415 823 1490 Est
856 1416 1247 1506 AmathuS,
1290 1426 1405 1489 est
1436 1414 1635 1489 celsa
1666 1414 1850 1489 mihi
1880 1414 2198 1513 Paphus,
2239 1427 2466 1513 atque
2495 1414 2850 1514 Cythera,

688 1552 1091 1652 Idaliaeque
1128 1552 1393 1627 domus
1411 1580 1431 1643 3
1489 1551 1745 1652 positis
1782 1551 2145 1652 inglorius
2181 1552 2404 1627 armis

685 1690 971 1793 Exigat
1004 1693 1125 1767 hic
1161 1716 1438 1767 aevum:
1496 1716 1777 1791 magna
1810 1689 2098 1765 ditione
2121 1690 2392 1790 jubeto

690 1830 1075 1930 Carthago
1109 1844 1404 1931 premat
1437 1829 1887 1920 Ausoniam3
1946 1829 2137 1903 nihil
2169 1828 2478 1904 urbibus
2515 1830 2696 1906 inde

687 1969 1041 2046 Obstabit
1073 1968 1338 2069 Tyriis.
1437 1969 1645 2055 Quid
1680 1981 1968 2069 pestem
2001 1969 2324 2045 evadere
2356 1970 2536 2044 belli

684 2108 733 2183 J
738 2109 920 2201 uvit,
970 2120 1050 2183 et
1081 2107 1475 2207 Argolicos
1509 2106 1843 2181 medium
1874 2106 2158 2207 fugisse
2193 2134 2326 2207 per
2362 2107 2596 2207 igneS,

684 2246 979 2346 Totque
1012 2247 1235 2321 maris
1269 2258 1643 2346 vastaeque
1680 2247 2050 2321 exhausta
2082 2247 2418 2345 pericula
2449 2260 2685 2339 terrae,

687 2384 897 2460 Dum
928 2384 1229 2460 Latium
1253 2384 1528 2461 Teucri
1561 2383 2041 2483 recidivaque
2069 2383 2438 2485 Pergama
2471 2386 2861 2484 quaerunt?

689 2522 873 2597 Non
909 2522 1140 2597 satius
1174 2521 1463 2597 cineres
1496 2522 1755 2622 patriae
1789 2521 2146 2597 insedisse
2181 2548 2582 2623 supremos,

686 2660 939 2758 Atque
972 2661 1208 2735 solum
1246 2684 1395 2759 quo
1420 2658 1645 2760 Troja
1681 2657 1873 2735 fuit?
1939 2660 2336 2735 Xanthum
2374 2674 2452 2736 et
2485 2660 2866 2737 Simoenta

684 2796 967 2891 Redde,
1014 2822 1167 2893 oro,
1210 2798 1535 2890 miseris3
1594 2799 2016 2897 iterumque
2050 2800 2432 2875 revolvere
2469 2824 2682 2876 casus

685 2936 831 3030 Da,
876 2948 1109 3037 pater,
1155 2937 1425 3012 Iliacos
1452 2937 1784 3015 Teucris.
1877 2938 2074 3011 Tum
2107 2937 2320 3037 regia
2350 2938 2399 3013 J
2405 2964 2579 3031 uno,

684 3077 883 3151 Acta
914 3074 1167 3151 furore
1200 3076 1451 3177 gravi:
1501 3075 1709 3161 Quid
1746 3100 1866 3149 me
1905 3075 2058 3149 alta
2091 3075 2390 3151 silentia
2425 3076 2632 3177 cogis

685 3214 1082 3314 Rumpere,
1131 3229 1209 3290 et
1243 3213 1659 3293 obductum
1695 3212 1941 3287 verbis
1975 3215 2288 3314 vulgare
2322 3213 2700 3289 dolorem?

682 3354 975 3429 AEnean
1010 3355 1401 3429 hominum
1434 3353 1826 3453 quisquam
1861 3352 2213 3429 divstmve
2246 3354 2548 3456 subegit

686 3492 894 3568 Bella
924 3492 1153 3591 sequi,
1204 3507 1338 3566 aut
1370 3492 1661 3567 hostem
1696 3491 1858 3591 regi
1894 3516 1974 3565 se
2010 3491 2288 3567 inferre
2323 3492 2643 3568 Latino?

685 3630 987 3706 Italiam
1020 3631 1195 3706 fatis
1228 3616 1451 3731 petiit
1484 3630 1939 3723 auctoribuS,
1985 3641 2165 3722 esto,

688 3768 1123 3844 Cassandrae
1158 3768 1517 3868 impulsus
1550 3766 1784 3843 furiis.
1877 3767 2095 3846 Num
2129 3767 2468 3867 linquere
2505 3783 2750 3845 castra

612 3966 621 3977 .
687 3906 992 3982 Hortati
1027 3933 1298 4000 sumuS,
1346 3919 1479 3981 aut
1512 3906 1747 3981 vitam
1784 3906 2256 3981 committere
2288 3906 2580 3983 ventis?

688 4045 900 4120 Num
934 4070 1169 4147 puero
1202 4070 1570 4121 summam
1604 4045 1803 4137 belli,
1848 4072 2035 4119 num
2073 4045 2381 4121 credere
2413 4048 2710 4123 muros?

684 4182 1247 4283 Tyrrhenamve
1280 4183 1505 4259 fidem
1542 4196 1673 4259 aut
1708 4196 1978 4285 gentes
2011 4184 2300 4283 agitare
2335 4186 2668 4284 quietas?

688 4322 880 4409 Quis
917 4322 1099 4397 deus
1137 4322 1215 4397 in
1250 4321 1614 4415 fraudem,
1662 4348 1824 4421 quae
1858 4321 2046 4396 dura
2081 4323 2421 4420 potentia
2453 4324 2690 4399 nostri

686 4460 913 4563 Egit?
963 4460 1095 4536 ubi
1130 4461 1251 4537 hic
1282 4460 1330 4535 J
1337 4484 1511 4554 un0‚
1558 4460 1968 4536 demissave
2002 4459 2324 4535 nubibus
2361 4460 2548 4536 Iris?

689 4600 1103 4701 Indignum
1140 4610 1255 4677 est
1286 4598 1517 4675 Italos
1542 4596 1843 4698 Trojam
1880 4598 2348 4674 circumdare
2381 4600 2696 4697 flammis

842 4754 873 4793 a
2563 4740 2606 4789 z
2637 4750 2642 4755 ·
