3792 6234
755 1030 822 1077 v.
861 1003 1026 1076 611.
1183 975 1186 979 ’
1498 1004 1885 1080 LIBER
1984 1006 2167 1080 ΧΠ.
2773 1009 2913 1081 263

765 1201 1194 1298 [Multaque
1229 1226 1308 1274 se
1343 1201 1659 1295 incusat,
1705 1204 1831 1300 qui
1867 1228 2022 1277 non
2062 1204 2440 1303 acceperit
2474 1186 2651 1278 ante

756 1330 1568 1432 Dardanium'AEnean,
1615 1366 2126 1439 generumque
2165 1341 2561 1419 adsciverit
2600 1343 2857 1437 ultro]

907 1476 1210 1551 Interea
1245 1489 1582 1551 extremo
1616 1477 1932 1552 bellator
1966 1479 2043 1551 in
2080 1503 2369 1578 aequore
2397 1479 2695 1553 Turnus

758 1614 1104 1689 Palantes
1141 1616 1477 1713 sequitur
1509 1639 1807 1713 paucos,
1856 1614 2017 1714 jam
2052 1616 2372 1716 segnior,
2421 1631 2645 1714 atque

755 1752 803 1825 J
810 1776 929 1825 am
964 1752 1210 1826 minus
1243 1765 1469 1850 atque
1504 1752 1749 1826 minus
1788 1778 2134 1827 successu
2168 1755 2377 1828 laetus
2416 1779 2795 1851 equorum.

756 1890 1038 1963 Attulit
1071 1891 1276 1963 hunc
1314 1890 1420 1962 illi
1457 1891 1668 1964 caecis
1702 1890 2107 1965 terroribus
2150 1916 2333 1965 aura

761 2028 1274 2103 Commixtum
1312 2028 1733 2120 clamorem,
1783 2043 2251 2126 arrectasque
2288 2028 2584 2127 impulit
2618 2048 2830 2102 aures

760 2163 1108 2239 Confusae
1143 2190 1366 2239 sonus
1403 2164 1625 2257 urbiS,
1674 2178 1750 2238 et
1788 2166 2157 2240 illaetabile
2194 2191 2550 2240 murmur.

759 2304 907 2377 Hei
945 2303 1162 2376 mihi!
1220 2303 1398 2401 quid
1436 2315 1651 2377 tanto
1684 2303 2089 2378 turbantur
2120 2306 2393 2379 moenia
2426 2305 2683 2379 luctu?

761 2441 1043 2526 Quisve
1079 2441 1232 2515 ruit
1265 2453 1520 2516 tantus
1558 2442 1848 2516 diversa
1883 2444 2164 2515 clamor
2198 2443 2291 2515 ab
2325 2443 2556 2516 urbe?

759 2580 877 2652 Sic
915 2579 1038 2671 ait,
1086 2579 1575 2677 adductisque
1614 2604 1869 2653 amens
1904 2580 2238 2653 subsistit
2271 2580 2603 2654 habenis,

759 2718 1008 2812 Atque
1043 2716 1243 2808 huie,
1290 2717 1367 2789 in
1403 2715 1673 2790 faciem
1712 2742 1917 2805 soror
1951 2730 2039 2805 ut
2074 2706 2432 2791 conversa
2467 2718 2772 2793 Metisci

757 2854 1059 2953 Aurigae
1095 2878 1542 2951 currumque
1579 2869 1655 2928 et
1690 2879 1915 2952 equos
1954 2866 2029 2929 et
2065 2856 2223 2929 lora
2257 2856 2587 2955 regebat,

755 2991 1425 3103 Talibus'occurrit
1461 2991 1718 3066 dictis:
1781 2994 1969 3086 Hae,
2009 2994 2285 3085 Turne,
2332 3020 2727 3092 sequamur

753 3129 1237 3230 TrojugenaS‚
1286 3156 1432 3227 qua
1464 3130 1703 3230 prima
1737 3130 1934 3204 viam
1974 3131 2289 3205 victoria
2324 3134 2626 3231 pandit;

756 3270 945 3342 Sunt
982 3268 1107 3342 alii
1141 3268 1268 3365 qui
1305 3281 1512 3342 tecta
1544 3294 1777 3341 manu
1811 3267 2217 3343 defendere
2252 3270 2557 3369 possint.

760 3407 1060 3507 Ingruit
1093 3408 1366 3481 AEneas
1403 3407 1632 3499 Italis,
1681 3420 1758 3480 et
1792 3407 2049 3505 proelia
2082 3408 2383 3481 miscet:

758 3546 858 3619 Et
892 3570 1026 3619 nos
1063 3570 1252 3623 saeva
1285 3570 1515 3618 manu
1550 3546 1935 3619 mittamus
1971 3546 2243 3619 funera
2266 3546 2594 3619 Teucris

758 3683 930 3756 Nec
967 3707 1278 3756 numero
1315 3681 1644 3775 inferior,
1693 3708 1963 3783 pugnae
2004 3708 2151 3757 nec
2187 3684 2491 3776 honore,
2539 3685 2861 3759 recedes

758 3820 1056 3893 Turnus
1094 3820 1188 3893 ad
1224 3822 1417 3894 haec:
2543 3813 2549 3819 ’
2682 3810 2687 3815 “

759 3956 828 4030 O
865 3980 1086 4049 soror,
1135 3970 1211 4030 et
1245 3958 1531 4031 dudum
1568 3959 1864 4059 agnovi,
1914 3985 2143 4057 quum
2181 3959 2419 4058 prima
2452 3986 2585 4059 per
2620 3973 2857 4035 artem

757 4094 1062 4167 Foedera
1095 4096 1433 4187 turbasti,
1480 4111 1706 4195 teque
1740 4098 1898 4171 haec
1937 4097 2014 4169 in
2050 4097 2246 4171 bella
2280 4096 2587 4172 dedisti:

758 4234 857 4306 Et
893 4258 1100 4305 nunc
1135 4232 1639 4331 nequidquam
1675 4234 1889 4327 fallis,
1938 4234 2099 4308 dea.
2210 4236 2351 4309 Sed
2389 4237 2550 4333 quis
2588 4236 2885 4333 olympo

758 4370 1176 4443 Demissam
1214 4382 1464 4443 tantos
1498 4343 1734 4445 {voluit
1769 4384 1846 4445 te
1882 4371 2077 4447 ferre
2115 4372 2447 4447 labores?

757 4510 878 4581 An
915 4507 1164 4582 statris
1200 4508 1446 4582 miseri
1483 4510 1717 4583 letum
1756 4524 1841 4583 ut
1879 4511 2179 4584 crudele
2216 4509 2551 4583 videres?

759 4646 963 4720 Nam
989 4646 1166 4744 quid
1191 4648 1378 4746 ago?
1417 4659 1544 4721 aut
1569 4672 1729 4744 quae
1744 4646 1901 4744 jam
1933 4646 2250 4747 spondet
2273 4645 2575 4722 fortuna
2604 4649 2969 4723 salutem?
