3792 6234
914 932 1009 1061 ἐς
1773 986 1865 1061 AE
1891 986 1969 1059 N
1995 984 2059 1059 E
2084 984 2120 1058 1
2146 984 2211 1059 s,
2800 1013 2867 1061 v.
2906 988 3075 1063 640.

909 1184 1328 1284 Purpure03
1387 1185 1765 1283 solemque
1801 1209 2043 1277 suum,
2087 1208 2223 1258 sua
2261 1182 2525 1276 sidera,
2570 1198 2875 1260 norunt.

907 1323 1084 1397 Pars
1121 1323 1196 1397 in
1235 1323 1640 1423 gramineis
1675 1336 2041 1398 exercent
2072 1322 2411 1397 membra
2438 1319 2794 1423 palaestris
2812 1351 2833 1415 3

907 1461 1407 1537 Contendunt
1439 1460 1640 1554 ludo,
1687 1472 1764 1536 et
1797 1459 2011 1535 fulva
2040 1463 2435 1537 luctantur
2469 1486 2737 1553 arena3

903 1601 1080 1676 Pars
1113 1600 1426 1703 pedibus
1459 1600 1831 1701 plaudunt
1867 1602 2198 1693 choreas,
2247 1612 2327 1676 et
2362 1602 2701 1677 carmina
2732 1602 3023 1679 dicunt.

903 1739 1076 1815 Nec
1110 1764 1264 1815 non
1299 1738 1688 1814 Threicius
1726 1740 1957 1840 longa
1993 1764 2168 1814 cum
2202 1752 2411 1815 veste
2446 1740 2793 1817 sacerdos

900 1878 1356 1977 Obloquitur
1387 1877 1718 1954 numeris
1753 1874 2041 1977 septem
2078 1878 2515 1955 discrimina
2548 1904 2861 1955 vocum:

891 2016 1212 2115 Jamque
1246 2017 1508 2092 eadem
1543 2017 1821 2118 digitis„
1855 2016 2017 2117 jam
2050 2018 2357 2117 pectine
2388 2020 2635 2118 pulsat
2672 2018 2982 2095 eburno.

897 2156 1043 2231 Hic
1079 2182 1320 2257 genus
1357 2157 1748 2256 antiquum
1781 2156 2079 2249 Teucri,
2122 2157 2631 2256 pulcherrima
2663 2160 2926 2257 proles,

897 2294 1377 2395 Magnanimi
1413 2295 1696 2387 heroes,
1739 2294 1905 2369 nati
1938 2293 2369 2369 melioribus
2408 2294 2647 2389 annis,

895 2432 1220 2531 Ilusque,
1265 2434 1840 2531 Assaracusque,
1885 2445 1965 2507 et
1996 2432 2234 2532 Trojae
2268 2434 2672 2509 Dardanus
2709 2448 2993 2511 auctor.

889 2571 1126 2645 Arma
1157 2572 1420 2670 procul
1455 2594 1864 2669 currusque
1902 2571 2145 2647 virum
2179 2571 2496 2646 miratur
2528 2573 2815 2648 inanes.

891 2710 1111 2783 Stant
1141 2721 1344 2783 terra
1377 2710 1642 2783 defixae
1673 2710 1924 2802 hastae,
1969 2710 2387 2810 passimque
2430 2708 2655 2785 soluti

889 2846 1034 2922 Per
1067 2872 1366 2947 campos
1401 2814 1816 2947 pascuntur
1849 2848 2043 2948 equi.
2140 2848 2331 2934 Quae
2366 2850 2615 2949 gratia
2649 2851 2951 2927 currum

886 2988 1437 3086 Armorumque
1470 2986 1619 3062 fuit
1651 2986 1861 3080 viviS,
1908 3014 2072 3085 quae
2106 3012 2291 3062 cura
2324 2988 2655 3063 nitentes

887 3126 1200 3201 Pascere
1237 3151 1484 3225 equos,
1532 3125 1790 3201 eadem
1832 3127 2170 3225 sequitur
2200 3127 2471 3202 tellure
2504 3140 2857 3229 repostos.

889 3265 1282 3366 Conspicit
1317 3290 1496 3340 ecce
1531 3265 1712 3339 alios
1749 3264 2023 3343 dextra
2054 3266 2384 3364 laevaque
2418 3290 2552 3364 per
2584 3266 2895 3342 herbam

884 3406 1320 3498 VescenteS,
1365 3406 1766 3503 laetumque
1803 3406 2035 3479 choro
2070 3402 2339 3477 Paeana
2374 3416 2756 3498 canentes,

886 3544 1099 3618 Inter
1132 3544 1524 3619 odoratum
1563 3543 1754 3617 lauri
1791 3568 2077 3635 nemuS,
2127 3541 2331 3616 unde
2366 3568 2687 3642 superne

884 3682 1255 3757 Plurimus
1291 3682 1602 3757 Eridani
1637 3706 1773 3781 per
1807 3683 2093 3781 sylvam
2128 3682 2457 3757 volvitur
2490 3683 2750 3757 amniS.

883 3820 1028 3895 Hic
1063 3846 1332 3895 manus
1369 3820 1465 3894 ob
1499 3795 1818 3919 patriam
1856 3820 2270 3920 pugnando
2305 3822 2619 3895 vulnera
2654 3824 2866 3923 passi,

883 3958 1185 4058 Quique
1221 3959 1644 4035 sacerdotes
1679 3961 1866 4033 casti
1901 3958 2085 4034 dum
2118 3959 2277 4034 vita
2309 3960 2684 4054 manebat,

881 4096 1182 4197 Quique
1219 4098 1322 4198 pii
1356 4110 1564 4173 vates
1601 4111 1676 4174 et
1715 4098 1994 4173 Phoebo
2029 4097 2265 4198 digna
2295 4100 2553 4193 locuti,

879 4234 1239 4311 Inventas
1276 4250 1408 4311 aut
1441 4238 1570 4336 qui
1603 4235 1836 4311 vitam
1875 4237 2276 4312 excoluere
2308 4262 2445 4338 per
2478 4252 2695 4333 artes,

879 4374 1181 4474 Quique
1215 4375 1328 4449 sui
1364 4400 1728 4450 memores
1764 4377 1947 4449 alios
1980 4375 2232 4451 fecere
2268 4378 2663 4454 merendo:

877 4512 1246 4589 Omnibus
1280 4514 1396 4588 his
1431 4515 1658 4589 nivea
1691 4513 2110 4615 cinguntur
2144 4531 2485 4615 tempora
2514 4518 2726 4593 vitta.

877 4650 1088 4737 Quos
1125 4650 1614 4729 circumfusos
1647 4654 1756 4729 sic
1792 4666 1909 4729 est
1942 4654 2173 4729 affata
2206 4654 2518 4755 Sibylla3
