3792 6234
904 958 1005 1034 56
1159 938 1166 945 ’
1769 953 2204 1029 AENms.
2793 980 2863 1029 v.
2898 960 3069 1031 484.

903 1137 1334 1253 Idaeumque
1371 1152 1600 1230 etiam
1637 1160 1919 1245 curruS,
1966 1152 2197 1227 etiam
2232 1176 2459 1244 arma,
2504 1162 2919 1228 tenentem,

907 1295 1422 1371 Circumstant
1459 1293 1727 1368 animae
1761 1294 2035 1367 dextra
2066 1295 2398 1391 laevaque
2431 1291 2886 1390 frequentes,

857 1451 863 1466 '
905 1436 1078 1511 Nec
1115 1433 1385 1507 vidisse
1419 1434 1650 1507 semel
1685 1432 1862 1506 satis
1897 1441 2048 1507 est:
2094 1429 2315 1529 juvat
2349 1455 2583 1529 usque
2616 1430 2913 1522 morari,

903 1574 1004 1649 Et
1040 1571 1386 1647 conferre
1421 1570 1764 1671 gradum,
1809 1583 1888 1645 et
1922 1568 2277 1644 veniendi
2314 1570 2603 1643 discere
2640 1593 2921 1643 causas.

902 1713 1010 1787 At
1044 1712 1396 1785 Danaum
1429 1734 1794 1811 proceres,
1833 1708 2601 1809 Agamemnoniaeque
2632 1709 3069 1808 phalangeS,

855 1939 860 1943 .
901 1850 1013 1925 Ut
1049 1850 1304 1925 videre
1335 1850 1582 1923 virum
1615 1842 2141 1949 fulgentiaque
2176 1872 2384 1921 arma
2418 1872 2553 1945 per
2586 1846 2911 1941 umbraS,

901 1989 1214 2089 Ingenti
1247 1987 1623 2087 trepidare
1657 2000 1905 2061 metu:
1962 2011 2131 2085 pars
2164 1998 2459 2060 vertere
2490 2000 2732 2086 terga,

907 2128 1072 2205 Ceu
1105 2128 1484 2228 quondam
1520 2127 1802 2226 petiere
1839 2138 2071 2198 rates:
2129 2148 2298 2223 pars
2332 2124 2597 2199 tollere
2630 2148 2897 2199 vocem

901 2267 1318 2367 Exiguam3
1378 2266 1724 2364 inceptus
1760 2265 2045 2337 clamor
2075 2262 2481 2337 frustratur
2512 2263 2831 2337 hiantes.

1052 2405 1304 2502 Atque
1337 2406 1459 2479 hic
1495 2401 1921 2477 Priamiden
1960 2401 2327 2477 laniatum
2364 2426 2677 2501 corpore
2719 2412 2887 2476 toto

903 2542 1383 2642 Deiphobum
1415 2542 1630 2633 vidit,
1675 2542 2009 2615 lacerum
2046 2538 2455 2614 crudeliter
2486 2566 2636 2632 ora,

904 2681 1077 2774 Ora,
1125 2706 1538 2780 manusque
1573 2680 1850 2772 ambas,
1895 2680 2399 2778 populataque
2434 2692 2777 2779 tempora
2806 2679 3037 2780 raptis

903 2819 1252 2913 AuribuS,
1299 2834 1378 2895 et
1407 2835 1718 2895 truncas
1753 2818 2153 2892 inhonesto
2188 2817 2501 2893 vulnere
2536 2842 2777 2893 nares,

905 2958 1059 3033 Vix
1095 2960 1282 3035 adeo
1317 2958 1630 3059 agnovit
1665 2957 2149 3058 pavitantem,
2198 2969 2276 3029 et
2312 2956 2477 3031 dira
2510 2969 2901 3057 tegentem

905 3096 1316 3195 Supplicia3
1375 3109 1454 3171 et
1489 3097 1686 3170 notis
1724 3096 2125 3193 compellat
2158 3094 2467 3169 vocibus
2500 3097 2735 3169 ultro:

905 3234 1298 3334 Deiphobe
1335 3236 1811 3334 armipotenS,
1852 3258 2093 3333 genus
2130 3234 2285 3306 alto
2315 3258 2362 3307 a
2388 3234 2757 3333 sanguine
2778 3234 3075 3326 Teucri,

829 3379 836 3394 ’
907 3372 1098 3459 Quis
1133 3386 1290 3449 tam
1325 3374 1666 3447 crudeles
1701 3372 1991 3471 optavit
2024 3397 2319 3447 sumere
2351 3373 2651 3470 poenas?

909 3510 1057 3585 Cui
1091 3523 1392 3587 tantum
1427 3512 1523 3585 de
1558 3524 1636 3587 te
1669 3510 1933 3585 licuit?
2006 3511 2203 3585 Mihi
2237 3510 2441 3585 fama
2474 3536 2821 3611 suprema

909 3649 1164 3725 Nocte
1199 3650 1396 3741 tulit,
1443 3650 1721 3725 fessum
1755 3663 1967 3724 vasta
2000 3662 2079 3723 te
2114 3648 2316 3724 caede
2352 3648 2747 3749 Pelasgum

909 3788 1398 3863 Procubuisse
1437 3814 1660 3888 super
1693 3787 2023 3863 confusae
2058 3788 2327 3889 stragis
2362 3814 2735 3863 acervum.

906 3926 1124 4001 Tunc
1161 3940 1462 4026 egomet
1495 3927 1872 4001 tumulum
1910 3927 2224 4002 Rhoeteo
2259 3928 2337 4001 in
2374 3926 2625 4001 littore
2663 3926 2993 4003 inanem-

912 4064 1312 4157 Constitui,
1359 4078 1438 4139 et
1471 4090 1749 4166 magna
1789 4064 2059 4140 Manes
2094 4078 2216 4140 ter
2245 4090 2432 4139 voce
2464 4066 2747 4140 vocavi.

911 4202 1216 4276 Nomen
1255 4216 1333 4277 et
1369 4226 1576 4278 arma
1608 4205 1858 4279 locum
1895 4218 2218 4283 servant.
2296 4204 2428 4299 Te,
2474 4205 2733 4298 amice,
2778 4204 3085 4304 nequivi

911 4341 1387 4440 Conspicere,
1436 4356 1514 4417 et
1547 4344 1790 4442 patria
1822 4342 2199 4418 decedens
2237 4359 2514 4445 ponere
2556 4357 2777 4418 terra.

909 4478 1030 4553 Ad
1060 4505 1220 4578 quae
1249 4481 1404 4555 haec
1431 4480 1872 4557 Priamides:
1920 4482 2135 4556 Nihil
2166 4507 2211 4555 o
2240 4482 2399 4574 tibi,
2439 4482 2699 4574 amice,
2738 4483 3085 4559 relictum
3102 4511 3125 4577 3

909 4617 1186 4692 Omnia
1219 4618 1618 4719 Deiphobo
1651 4619 1933 4693 solvisti
1968 4632 2049 4694 et
2080 4617 2367 4695 funeris
2402 4620 2719 4695 umbris:
