3792 6234
936 969 1071 1036 138
1792 958 2228 1034 AENEIS.
2867 982 2935 1028 v.
2977 963 3093 1036 74.

926 1157 1323 1257 Diripuere
1356 1156 1602 1247 focos;
1658 1156 1958 1255 piceum
1991 1155 2144 1232 fert
2176 1154 2468 1230 fumida
2499 1156 2756 1230 lumen

922 1295 1168 1387 Taeda,
1214 1308 1290 1371 et
1326 1295 1815 1370 commixtam
1843 1295 2232 1369 Vulcanus
2268 1293 2362 1367 ad
2399 1305 2598 1368 astra
2631 1293 2983 1368 favillam.

1072 1435 1264 1520 Quis
1302 1435 1506 1526 deu8‚
1553 1459 1599 1507 o
1638 1435 1895 1527 Musae‚
1947 1447 2098 1508 tam
2141 1458 2333 1508 saeva
2366 1432 2722 1506 incendia
2747 1432 3056 1506 Teucris

923 1573 1269 1647 Avertit?
1320 1584 1573 1646 tantos
1606 1572 1891 1646 ratibus
1927 1572 2090 1670 quis
2123 1571 2412 1670 depulit
2449 1571 2708 1670 ignes?

926 1711 1219 1785 Dicite:
1276 1710 1521 1808 prisca
1553 1710 1734 1784 fides
1768 1709 1996 1800 fact0,
2043 1709 2174 1783 sed
2209 1709 2413 1784 fama
2446 1709 2817 1807 perennis,

1069 1850 1439 1947 Tempore
1474 1874 1623 1946 quo
1657 1849 1980 1947 primum
2017 1846 2346 1946 Phrygia
2381 1847 2751 1922 formabat
2787 1849 2864 1921 in
2905 1847 3044 1922 Ida

924 1987 1196 2061 AEneas
1232 1987 1564 2079 classem,
1612 2001 1690 2060 et
1724 1986 1974 2086 pelagi
2008 2000 2262 2085 petere
2301 1988 2454 2060 alta
2489 1987 2820 2085 parabat,

927 2126 1101 2225 Ipsa
1134 2126 1358 2201 deum
1393 2124 1637 2201 fertur
1671 2125 2024 2226 genetrix
2063 2125 2514 2224 Berecyntia
2549 2151 2913 2224 magnum

925 2265 1259 2340 Vocibus
1294 2263 1407 2337 his
1444 2265 1677 2340 affata
1708 2264 1755 2338 J
1761 2289 2018 2338 ovem:
2077 2264 2220 2355 Da,
2269 2275 2468 2356 nate,
2515 2265 2828 2362 petenti,

928 2403 1156 2490 Quod
1192 2416 1327 2479 tua
1362 2429 1539 2478 cara
1573 2429 1837 2504 parens
1873 2402 2160 2477 domito
2196 2416 2273 2476 te
2308 2402 2548 2501 poscit
2582 2403 2924 2501 Olympo,

926 2541 1161 2616 Pinea
1196 2544 1405 2642 sylva
1438 2541 1643 2634 mihi,
1688 2543 1966 2616 multos
2002 2540 2282 2615 dilecta
2315 2567 2449 2640 per
2484 2529 2740 2633 annoS,

928 2679 1178 2755 Lucus
1216 2683 1289 2755 in
1332 2705 1505 2754 arce
1538 2679 1684 2755 fuit
1720 2705 2030 2772 summa,
2077 2705 2225 2777 quo
2261 2705 2472 2755 sacra
2504 2679 2870 2771 ferebant,
3005 2711 3008 2716 ·

928 2818 1292 2918 Nigranti
1327 2819 1542 2917 picea
1575 2818 2056 2917 trabibusque
2091 2819 2448 2893 obscurus
2487 2819 2818 2893 acernis:

929 2956 1088 3030 Has
1125 2980 1268 3056 ego
1304 2956 1693 3030 Dardanio
1715 2954 2004 3054 juveni,
2051 2982 2276 3054 quum
2319 2955 2568 3030 classis
2605 2967 2885 3056 egeret,

929 3092 1133 3168 Laeta
1168 3093 1381 3184 dedi3
1440 3119 1649 3168 nunc
1684 3094 2078 3168 sollicitam
2113 3093 2341 3168 timor
2375 3095 2644 3169 anxius
2681 3106 2923 3195 urget.

929 3233 1145 3308 Solve
1182 3246 1447 3324 metus,
1482 3247 1708 3333 atque
1738 3233 1884 3306 hoc
1913 3232 2260 3331 precibus
2295 3232 2456 3307 sine
2487 3258 2698 3331 posse
2725 3244 3139 3331 parentem,

931 3372 1057 3446 Ne
1094 3397 1317 3447 cursu
1354 3384 1713 3470 quassatae
1749 3373 1922 3464 ulle,
1971 3397 2120 3445 neu
2155 3371 2458 3446 turbine
2493 3372 2726 3463 venti,

932 3511 1400 3586 Vincantur:
1458 3511 1689 3611 prosit
1723 3510 1995 3584 nostris
2031 3510 2110 3584 in
2147 3510 2528 3584 montibus
2561 3523 2781 3586 ortas.

930 3650 1155 3725 Filius
1192 3651 1371 3724 huic
1407 3663 1695 3742 contra,
1741 3661 2044 3748 torquet
2080 3617 2208 3748 qui
2241 3649 2487 3724 sidera
2520 3649 2822 3726 mundi:

932 3788 1002 3862 O
1035 3789 1410 3889 genet-rire,
1458 3814 1606 3886 quo
1640 3787 1800 3862 fata
1830 3788 2100 3862 vocas?
2153 3802 2286 3863 aut
2321 3789 2500 3886 quid
2537 3788 2728 3887 petis
2763 3789 2966 3864 istis?

935 3927 1343 4000 Mortaline
1378 3953 1606 4001 manu
1641 3925 1862 4001 factae
1896 3927 2318 4002 immortale
2354 3927 2626 4002 carinae

932 4066 1067 4140 Fas
1103 4061 1477 4139 habeant?
1531 4077 1930 4164 certusque
1967 4067 2260 4140 incerta
2291 4066 2625 4164 pericula
2661 4067 2927 4141 lustret

929 4203 1246 4279 AEneas?
1320 4205 1463 4278 Cui
1499 4216 1717 4278 tanta
1751 4205 1894 4278 deo
1930 4204 2286 4302 permissa
2319 4204 2687 4302 potestas?

934 4344 1196 4435 Imm0,
1246 4343 1373 4417 ubi
1408 4342 1785 4418 defunctae
1818 4343 2048 4418 finem
2083 4355 2486 4454 portusque
2521 4346 2895 4418 tenebunt

932 4481 1322 4575 AusoniOS,
1370 4482 1547 4556 olim
1582 4506 2072 4580 quaecumque
2108 4483 2424 4557 evaserit
2459 4483 2718 4573 undas,

935 4620 1555 4720 Dardaniumque
1589 4621 1861 4696 ducem
1901 4621 2307 4696 Laurentia
2339 4622 2632 4696 vexerit
2667 4646 2863 4714 arva,
