<?xml version="1.0" encoding="UTF-8"?>
<!DOCTYPE html PUBLIC "-//W3C//DTD XHTML 1.0 Transitional//EN"
    "http://www.w3.org/TR/xhtml1/DTD/xhtml1-transitional.dtd">
<html xmlns="http://www.w3.org/1999/xhtml" xml:lang="en" lang="en">
 <head>
  <title>
</title>
<meta http-equiv="Content-Type" content="text/html;charset=utf-8" />
  <meta name='ocr-system' content='tesseract 3.04.00' />
  <meta name='ocr-capabilities' content='ocr_page ocr_carea ocr_par ocr_line ocrx_word'/>
</head>
<body>
  <div class='ocr_page' id='page_1' title='image "./publiusvergiliu00virggoog/publiusvergiliu00virggoog_0178.png"; bbox 0 0 3792 6234; ppageno 0'>
   <div class='ocr_carea' id='block_1_1' title="bbox 708 986 2876 1090">
    <p class='ocr_par' dir='ltr' id='par_1_1' title="bbox 708 986 2876 1090">
     <span class='ocr_line' id='line_1_1' title="bbox 708 986 2876 1090; baseline 0.001 -24"><span class='ocrx_word' id='word_1_1' title='bbox 708 1016 777 1066; x_wconf 83' lang='lat' dir='ltr'><strong>v.</strong></span> <span class='ocrx_word' id='word_1_2' title='bbox 816 989 984 1065; x_wconf 83' lang='lat'><strong>613.</strong></span> <span class='ocrx_word' id='word_1_3' title='bbox 1296 1087 1301 1090; x_wconf 15' lang='grc' dir='ltr'>Ι</span> <span class='ocrx_word' id='word_1_4' title='bbox 1486 986 1876 1062; x_wconf 85' lang='lat' dir='ltr'><strong>LIBER</strong></span> <span class='ocrx_word' id='word_1_5' title='bbox 1973 989 2116 1064; x_wconf 87' lang='lat' dir='ltr'><strong>1x.</strong></span> <span class='ocrx_word' id='word_1_6' title='bbox 2741 995 2876 1068; x_wconf 84' lang='lat'><strong>159</strong></span> 
     </span>
    </p>
   </div>
   <div class='ocr_carea' id='block_1_2' title="bbox 700 1185 2852 4747">
    <p class='ocr_par' dir='ltr' id='par_1_2' title="bbox 700 1185 2852 4747">
     <span class='ocr_line' id='line_1_2' title="bbox 707 1185 2527 1288; baseline -0.001 -26"><span class='ocrx_word' id='word_1_7' title='bbox 707 1187 943 1262; x_wconf 89' lang='lat' dir='ltr'>Vobis</span> <span class='ocrx_word' id='word_1_8' title='bbox 977 1185 1183 1287; x_wconf 84' lang='lat' dir='ltr'><strong>picta</strong></span> <span class='ocrx_word' id='word_1_9' title='bbox 1214 1210 1439 1262; x_wconf 89' lang='lat' dir='ltr'><strong>croco</strong></span> <span class='ocrx_word' id='word_1_10' title='bbox 1471 1199 1550 1262; x_wconf 89' lang='lat' dir='ltr'><strong>et</strong></span> <span class='ocrx_word' id='word_1_11' title='bbox 1579 1185 1907 1288; x_wconf 85' lang='lat' dir='ltr'><strong>fulgenti</strong></span> <span class='ocrx_word' id='word_1_12' title='bbox 1941 1186 2228 1263; x_wconf 88' lang='lat' dir='ltr'><strong>murice</strong></span> <span class='ocrx_word' id='word_1_13' title='bbox 2265 1187 2527 1276; x_wconf 89' lang='lat' dir='ltr'><strong>vestis;</strong></span> 
     </span>
     <span class='ocr_line' id='line_1_3' title="bbox 710 1323 2382 1427; baseline -0.001 -25"><span class='ocrx_word' id='word_1_14' title='bbox 710 1326 1036 1402; x_wconf 87' lang='lat' dir='ltr'><strong>Desidiae</strong></span> <span class='ocrx_word' id='word_1_15' title='bbox 1070 1325 1316 1416; x_wconf 85' lang='lat' dir='ltr'><strong>cordi3</strong></span> <span class='ocrx_word' id='word_1_16' title='bbox 1362 1323 1583 1423; x_wconf 90' lang='lat' dir='ltr'><strong>juvat</strong></span> <span class='ocrx_word' id='word_1_17' title='bbox 1626 1325 2020 1427; x_wconf 88' lang='lat' dir='ltr'><strong>indulgere</strong></span> <span class='ocrx_word' id='word_1_18' title='bbox 2057 1326 2344 1400; x_wconf 84' lang='lat' dir='ltr'>choreis</span> <span class='ocrx_word' id='word_1_19' title='bbox 2362 1354 2382 1417; x_wconf 85' lang='lat'>3</span> 
     </span>
     <span class='ocr_line' id='line_1_4' title="bbox 708 1462 2685 1538; baseline -0.001 0"><span class='ocrx_word' id='word_1_20' title='bbox 708 1463 811 1538; x_wconf 92' lang='lat' dir='ltr'><strong>Et</strong></span> <span class='ocrx_word' id='word_1_21' title='bbox 844 1462 1119 1538; x_wconf 88' lang='lat' dir='ltr'><strong>tunicae</strong></span> <span class='ocrx_word' id='word_1_22' title='bbox 1153 1462 1487 1537; x_wconf 89' lang='lat' dir='ltr'><strong>manicas</strong></span> <span class='ocrx_word' id='word_1_23' title='bbox 1524 1473 1602 1538; x_wconf 89' lang='lat' dir='ltr'><strong>et</strong></span> <span class='ocrx_word' id='word_1_24' title='bbox 1636 1463 1920 1538; x_wconf 88' lang='lat' dir='ltr'><strong>habent</strong></span> <span class='ocrx_word' id='word_1_25' title='bbox 1954 1463 2396 1538; x_wconf 88' lang='lat' dir='ltr'><strong>redimicula</strong></span> <span class='ocrx_word' id='word_1_26' title='bbox 2421 1464 2685 1538; x_wconf 85' lang='lat' dir='ltr'><strong>mitrae.</strong></span> 
     </span>
     <span class='ocr_line' id='line_1_5' title="bbox 711 1601 2821 1702; baseline -0 -25"><span class='ocrx_word' id='word_1_27' title='bbox 711 1602 782 1677; x_wconf 91' lang='lat' dir='ltr'>O</span> <span class='ocrx_word' id='word_1_28' title='bbox 815 1627 988 1677; x_wconf 87' lang='lat' dir='ltr'><strong>vere</strong></span> <span class='ocrx_word' id='word_1_29' title='bbox 1026 1601 1391 1701; x_wconf 87' lang='lat' dir='ltr'><strong>Phrygiae,</strong></span> <span class='ocrx_word' id='word_1_30' title='bbox 1438 1627 1681 1700; x_wconf 88' lang='lat' dir='ltr'><strong>neque</strong></span> <span class='ocrx_word' id='word_1_31' title='bbox 1717 1601 1920 1676; x_wconf 91' lang='lat' dir='ltr'><strong>enim</strong></span> <span class='ocrx_word' id='word_1_32' title='bbox 1957 1603 2312 1702; x_wconf 57' lang='lat' dir='ltr'><strong>Phryga,</strong></span> <span class='ocrx_word' id='word_1_33' title='bbox 2359 1603 2464 1677; x_wconf 91' lang='lat' dir='ltr'><strong>ite</strong></span> <span class='ocrx_word' id='word_1_34' title='bbox 2499 1627 2633 1702; x_wconf 92' lang='lat' dir='ltr'><strong>per</strong></span> <span class='ocrx_word' id='word_1_35' title='bbox 2667 1602 2821 1676; x_wconf 87' lang='lat' dir='ltr'><strong>alta</strong></span> 
     </span>
     <span class='ocr_line' id='line_1_6' title="bbox 706 1739 2742 1840; baseline 0 -26"><span class='ocrx_word' id='word_1_36' title='bbox 706 1739 1117 1840; x_wconf 84' lang='lat' dir='ltr'><strong>Dindyma,</strong></span> <span class='ocrx_word' id='word_1_37' title='bbox 1163 1741 1293 1816; x_wconf 90' lang='lat' dir='ltr'><strong>ubi</strong></span> <span class='ocrx_word' id='word_1_38' title='bbox 1328 1741 1636 1816; x_wconf 84' lang='lat' dir='ltr'>assuetis</span> <span class='ocrx_word' id='word_1_39' title='bbox 1671 1739 1988 1814; x_wconf 85' lang='lat' dir='ltr'>biforem</span> <span class='ocrx_word' id='word_1_40' title='bbox 2023 1741 2155 1817; x_wconf 87' lang='lat' dir='ltr'><strong>dat</strong></span> <span class='ocrx_word' id='word_1_41' title='bbox 2191 1739 2378 1815; x_wconf 88' lang='lat' dir='ltr'><strong>tibia</strong></span> <span class='ocrx_word' id='word_1_42' title='bbox 2411 1753 2742 1816; x_wconf 89' lang='lat' dir='ltr'><strong>cantum.</strong></span> 
     </span>
     <span class='ocr_line' id='line_1_7' title="bbox 705 1877 2780 1978; baseline -0 -26"><span class='ocrx_word' id='word_1_43' title='bbox 705 1879 1099 1978; x_wconf 88' lang='lat' dir='ltr'><strong>Tympana</strong></span> <span class='ocrx_word' id='word_1_44' title='bbox 1132 1904 1260 1954; x_wconf 90' lang='lat' dir='ltr'><strong>vos</strong></span> <span class='ocrx_word' id='word_1_45' title='bbox 1295 1879 1689 1977; x_wconf 84' lang='lat' dir='ltr'><strong>buxusque</strong></span> <span class='ocrx_word' id='word_1_46' title='bbox 1727 1891 2006 1954; x_wconf 88' lang='lat' dir='ltr'><strong>vocant</strong></span> <span class='ocrx_word' id='word_1_47' title='bbox 2041 1877 2492 1978; x_wconf 86' lang='lat' dir='ltr'><strong>Berecyntia</strong></span> <span class='ocrx_word' id='word_1_48' title='bbox 2523 1879 2780 1953; x_wconf 87' lang='lat' dir='ltr'><strong>matris</strong></span> 
     </span>
     <span class='ocr_line' id='line_1_8' title="bbox 710 2016 2382 2110; baseline 0.001 -20"><span class='ocrx_word' id='word_1_49' title='bbox 710 2016 960 2092; x_wconf 85' lang='lat' dir='ltr'><strong>Idaeae:</strong></span> <span class='ocrx_word' id='word_1_50' title='bbox 1018 2017 1241 2092; x_wconf 90' lang='lat' dir='ltr'><strong>sinite</strong></span> <span class='ocrx_word' id='word_1_51' title='bbox 1278 2042 1487 2092; x_wconf 88' lang='lat' dir='ltr'><strong>arma</strong></span> <span class='ocrx_word' id='word_1_52' title='bbox 1517 2017 1713 2110; x_wconf 89' lang='lat' dir='ltr'><strong>viris,</strong></span> <span class='ocrx_word' id='word_1_53' title='bbox 1762 2029 1839 2092; x_wconf 92' lang='lat' dir='ltr'><strong>et</strong></span> <span class='ocrx_word' id='word_1_54' title='bbox 1876 2017 2125 2092; x_wconf 87' lang='lat' dir='ltr'><strong>cedite</strong></span> <span class='ocrx_word' id='word_1_55' title='bbox 2157 2016 2382 2092; x_wconf 73' lang='lat' dir='ltr'><strong>ferro·</strong></span> 
     </span>
     <span class='ocr_line' id='line_1_9' title="bbox 854 2153 2532 2254; baseline -0.001 -23"><span class='ocrx_word' id='word_1_56' title='bbox 854 2156 1067 2231; x_wconf 88' lang='lat' dir='ltr'><strong>Talia</strong></span> <span class='ocrx_word' id='word_1_57' title='bbox 1087 2153 1510 2254; x_wconf 86' lang='lat' dir='ltr'><strong>jactantem</strong></span> <span class='ocrx_word' id='word_1_58' title='bbox 1547 2155 1768 2230; x_wconf 92' lang='lat' dir='ltr'><strong>dictis</strong></span> <span class='ocrx_word' id='word_1_59' title='bbox 1804 2181 1892 2230; x_wconf 88' lang='lat' dir='ltr'><strong>ac</strong></span> <span class='ocrx_word' id='word_1_60' title='bbox 1931 2157 2094 2230; x_wconf 89' lang='lat' dir='ltr'><strong>dira</strong></span> <span class='ocrx_word' id='word_1_61' title='bbox 2131 2167 2532 2230; x_wconf 82' lang='lat' dir='ltr'><strong>canentem</strong></span> 
     </span>
     <span class='ocr_line' id='line_1_10' title="bbox 710 2293 2686 2393; baseline -0.001 -25"><span class='ocrx_word' id='word_1_62' title='bbox 710 2293 893 2368; x_wconf 90' lang='lat' dir='ltr'><strong>Non</strong></span> <span class='ocrx_word' id='word_1_63' title='bbox 932 2295 1107 2369; x_wconf 91' lang='lat' dir='ltr'><strong>tulit</strong></span> <span class='ocrx_word' id='word_1_64' title='bbox 1144 2295 1546 2384; x_wconf 81' lang='lat' dir='ltr'><strong>Ascanius;</strong></span> <span class='ocrx_word' id='word_1_65' title='bbox 1605 2319 1984 2392; x_wconf 89' lang='lat' dir='ltr'><strong>nervoque</strong></span> <span class='ocrx_word' id='word_1_66' title='bbox 2021 2295 2371 2370; x_wconf 88' lang='lat' dir='ltr'><strong>obversus</strong></span> <span class='ocrx_word' id='word_1_67' title='bbox 2408 2294 2686 2393; x_wconf 90' lang='lat' dir='ltr'><strong>equino</strong></span> 
     </span>
     <span class='ocr_line' id='line_1_11' title="bbox 710 2432 2496 2532; baseline 0 -25"><span class='ocrx_word' id='word_1_68' title='bbox 710 2432 1054 2507; x_wconf 88' lang='lat' dir='ltr'><strong>Intendit</strong></span> <span class='ocrx_word' id='word_1_69' title='bbox 1091 2433 1348 2524; x_wconf 89' lang='lat' dir='ltr'><strong>telum,</strong></span> <span class='ocrx_word' id='word_1_70' title='bbox 1394 2433 1831 2532; x_wconf 87' lang='lat' dir='ltr'><strong>diversaque</strong></span> <span class='ocrx_word' id='word_1_71' title='bbox 1866 2433 2176 2507; x_wconf 87' lang='lat' dir='ltr'><strong>brachia</strong></span> <span class='ocrx_word' id='word_1_72' title='bbox 2210 2433 2496 2508; x_wconf 89' lang='lat' dir='ltr'><strong>ducens</strong></span> 
     </span>
     <span class='ocr_line' id='line_1_12' title="bbox 710 2553 2774 2672; baseline 0.001 -27"><span class='ocrx_word' id='word_1_73' title='bbox 710 2570 1093 2664; x_wconf 89' lang='lat' dir='ltr'><strong>Constitit,</strong></span> <span class='ocrx_word' id='word_1_74' title='bbox 1142 2583 1319 2645; x_wconf 89' lang='lat' dir='ltr'><strong>ante</strong></span> <span class='ocrx_word' id='word_1_75' title='bbox 1351 2571 1399 2645; x_wconf 87' lang='lat' dir='ltr'>J</span> <span class='ocrx_word' id='word_1_76' title='bbox 1406 2597 1619 2644; x_wconf 90' lang='lat' dir='ltr'><strong>ovem</strong></span> <span class='ocrx_word' id='word_1_77' title='bbox 1659 2553 1972 2670; x_wconf 87' lang='lat' dir='ltr'><strong>supplex</strong></span> <span class='ocrx_word' id='word_1_78' title='bbox 2009 2597 2142 2672; x_wconf 89' lang='lat' dir='ltr'><strong>per</strong></span> <span class='ocrx_word' id='word_1_79' title='bbox 2176 2586 2353 2647; x_wconf 87' lang='lat' dir='ltr'><strong>vota</strong></span> <span class='ocrx_word' id='word_1_80' title='bbox 2385 2585 2774 2671; x_wconf 87' lang='lat' dir='ltr'><strong>precatus:</strong></span> 
     </span>
     <span class='ocr_line' id='line_1_13' title="bbox 704 2708 2664 2810; baseline 0.001 -26"><span class='ocrx_word' id='word_1_81' title='bbox 704 2708 753 2784; x_wconf 88' lang='lat' dir='ltr'>J</span> <span class='ocrx_word' id='word_1_82' title='bbox 758 2709 1056 2809; x_wconf 89' lang='lat' dir='ltr'><strong>uppiter</strong></span> <span class='ocrx_word' id='word_1_83' title='bbox 1088 2709 1581 2809; x_wconf 78' lang='lat' dir='ltr'><strong>omnipotenS‚</strong></span> <span class='ocrx_word' id='word_1_84' title='bbox 1627 2710 2036 2784; x_wconf 88' lang='lat' dir='ltr'><strong>audacibus</strong></span> <span class='ocrx_word' id='word_1_85' title='bbox 2076 2713 2328 2784; x_wconf 79' lang='lat' dir='ltr'><strong>ann&#39;ue</strong></span> <span class='ocrx_word' id='word_1_86' title='bbox 2366 2711 2664 2810; x_wconf 82' lang='lat' dir='ltr'><strong>coeptis:</strong></span> 
     </span>
     <span class='ocr_line' id='line_1_14' title="bbox 706 2846 2602 2947; baseline 0.001 -26"><span class='ocrx_word' id='word_1_87' title='bbox 706 2847 877 2947; x_wconf 92' lang='lat' dir='ltr'><strong>Ipse</strong></span> <span class='ocrx_word' id='word_1_88' title='bbox 909 2847 1050 2922; x_wconf 91' lang='lat' dir='ltr'><strong>tibi</strong></span> <span class='ocrx_word' id='word_1_89' title='bbox 1085 2847 1181 2921; x_wconf 87' lang='lat' dir='ltr'><strong>ad</strong></span> <span class='ocrx_word' id='word_1_90' title='bbox 1214 2861 1349 2920; x_wconf 87' lang='lat' dir='ltr'><strong>tua</strong></span> <span class='ocrx_word' id='word_1_91' title='bbox 1383 2849 1665 2947; x_wconf 87' lang='lat' dir='ltr'><strong>templa</strong></span> <span class='ocrx_word' id='word_1_92' title='bbox 1696 2846 1932 2922; x_wconf 88' lang='lat' dir='ltr'><strong>feram</strong></span> <span class='ocrx_word' id='word_1_93' title='bbox 1968 2849 2330 2923; x_wconf 90' lang='lat' dir='ltr'><strong>solemnia</strong></span> <span class='ocrx_word' id='word_1_94' title='bbox 2364 2849 2602 2941; x_wconf 85' lang='lat' dir='ltr'><strong>dona3</strong></span> 
     </span>
     <span class='ocr_line' id='line_1_15' title="bbox 704 2985 2598 3087; baseline 0.002 -27"><span class='ocrx_word' id='word_1_95' title='bbox 704 2985 807 3060; x_wconf 90' lang='lat' dir='ltr'><strong>Et</strong></span> <span class='ocrx_word' id='word_1_96' title='bbox 838 2997 1165 3060; x_wconf 86' lang='lat' dir='ltr'><strong>statuam</strong></span> <span class='ocrx_word' id='word_1_97' title='bbox 1200 2997 1377 3061; x_wconf 89' lang='lat' dir='ltr'><strong>ante</strong></span> <span class='ocrx_word' id='word_1_98' title='bbox 1414 3012 1575 3060; x_wconf 86' lang='lat' dir='ltr'><strong>aras</strong></span> <span class='ocrx_word' id='word_1_99' title='bbox 1612 2997 1874 3060; x_wconf 87' lang='lat' dir='ltr'><strong>aurata</strong></span> <span class='ocrx_word' id='word_1_100' title='bbox 1907 2987 2159 3062; x_wconf 86' lang='lat' dir='ltr'><strong>fronte</strong></span> <span class='ocrx_word' id='word_1_101' title='bbox 2183 2986 2598 3087; x_wconf 89' lang='lat' dir='ltr'><strong>juvencum</strong></span> 
     </span>
     <span class='ocr_line' id='line_1_16' title="bbox 707 3089 2852 3225; baseline 0.001 -25"><span class='ocrx_word' id='word_1_102' title='bbox 707 3124 1204 3217; x_wconf 80' lang='lat' dir='ltr'><strong>Gaudentem,</strong></span> <span class='ocrx_word' id='word_1_103' title='bbox 1250 3125 1673 3224; x_wconf 84' lang='lat' dir='ltr'><strong>pariterque</strong></span> <span class='ocrx_word' id='word_1_104' title='bbox 1700 3089 1937 3225; x_wconf 64' lang='lat' dir='ltr'><strong>caput</strong></span> <span class='ocrx_word' id='word_1_105' title='bbox 1973 3150 2148 3200; x_wconf 91' lang='lat' dir='ltr'><strong>cum</strong></span> <span class='ocrx_word' id='word_1_106' title='bbox 2181 3140 2422 3200; x_wconf 75' lang='lat' dir='ltr'><strong>matne</strong></span> <span class='ocrx_word' id='word_1_107' title='bbox 2456 3125 2852 3221; x_wconf 85' lang='lat' dir='ltr'><strong>ferentem,</strong></span> 
     </span>
     <span class='ocr_line' id='line_1_17' title="bbox 702 3263 2724 3364; baseline 0.001 -26"><span class='ocrx_word' id='word_1_108' title='bbox 702 3263 751 3339; x_wconf 89' lang='lat' dir='ltr'>J</span> <span class='ocrx_word' id='word_1_109' title='bbox 758 3290 877 3338; x_wconf 88' lang='lat' dir='ltr'><strong>am</strong></span> <span class='ocrx_word' id='word_1_110' title='bbox 914 3290 1152 3339; x_wconf 91' lang='lat' dir='ltr'><strong>cornu</strong></span> <span class='ocrx_word' id='word_1_111' title='bbox 1184 3277 1395 3363; x_wconf 87' lang='lat' dir='ltr'><strong>petat</strong></span> <span class='ocrx_word' id='word_1_112' title='bbox 1430 3276 1508 3338; x_wconf 90' lang='lat' dir='ltr'><strong>et</strong></span> <span class='ocrx_word' id='word_1_113' title='bbox 1540 3265 1852 3364; x_wconf 87' lang='lat' dir='ltr'><strong>pedibus</strong></span> <span class='ocrx_word' id='word_1_114' title='bbox 1890 3265 2018 3362; x_wconf 91' lang='lat' dir='ltr'><strong>qui</strong></span> <span class='ocrx_word' id='word_1_115' title='bbox 2055 3278 2358 3364; x_wconf 86' lang='lat' dir='ltr'><strong>spargat</strong></span> <span class='ocrx_word' id='word_1_116' title='bbox 2395 3289 2724 3340; x_wconf 84' lang='lat' dir='ltr'><strong>arenam.</strong></span> 
     </span>
     <span class='ocr_line' id='line_1_18' title="bbox 704 3401 2300 3502; baseline 0.001 -27"><span class='ocrx_word' id='word_1_117' title='bbox 704 3402 971 3477; x_wconf 88' lang='lat' dir='ltr'><strong>Audiit</strong></span> <span class='ocrx_word' id='word_1_118' title='bbox 1004 3415 1082 3476; x_wconf 88' lang='lat' dir='ltr'><strong>et</strong></span> <span class='ocrx_word' id='word_1_119' title='bbox 1118 3402 1283 3476; x_wconf 88' lang='lat' dir='ltr'><strong>coeli</strong></span> <span class='ocrx_word' id='word_1_120' title='bbox 1318 3401 1621 3501; x_wconf 89' lang='lat' dir='ltr'><strong>genitor</strong></span> <span class='ocrx_word' id='word_1_121' title='bbox 1654 3402 1751 3477; x_wconf 91' lang='lat' dir='ltr'><strong>de</strong></span> <span class='ocrx_word' id='word_1_122' title='bbox 1786 3416 1999 3502; x_wconf 88' lang='lat' dir='ltr'><strong>parte</strong></span> <span class='ocrx_word' id='word_1_123' title='bbox 2033 3428 2300 3478; x_wconf 89' lang='lat' dir='ltr'><strong>serena</strong></span> 
     </span>
     <span class='ocr_line' id='line_1_19' title="bbox 706 3539 2430 3616; baseline 0.002 -3"><span class='ocrx_word' id='word_1_124' title='bbox 706 3539 1055 3615; x_wconf 90' lang='lat' dir='ltr'><strong>Intonuit</strong></span> <span class='ocrx_word' id='word_1_125' title='bbox 1089 3542 1403 3615; x_wconf 85' lang='lat' dir='ltr'><strong>laevum:</strong></span> <span class='ocrx_word' id='word_1_126' title='bbox 1456 3551 1675 3615; x_wconf 86' lang='lat' dir='ltr'><strong>sonat</strong></span> <span class='ocrx_word' id='word_1_127' title='bbox 1710 3567 1867 3616; x_wconf 89' lang='lat' dir='ltr'><strong>una</strong></span> <span class='ocrx_word' id='word_1_128' title='bbox 1897 3540 2154 3616; x_wconf 89' lang='lat' dir='ltr'><strong>fatifer</strong></span> <span class='ocrx_word' id='word_1_129' title='bbox 2189 3566 2430 3616; x_wconf 80' lang='lat' dir='ltr'><strong>arcuS.</strong></span> 
     </span>
     <span class='ocr_line' id='line_1_20' title="bbox 704 3647 2548 3781; baseline 0.001 -29"><span class='ocrx_word' id='word_1_130' title='bbox 704 3678 997 3778; x_wconf 85' lang='lat' dir='ltr'><strong>Effugit</strong></span> <span class='ocrx_word' id='word_1_131' title='bbox 1032 3647 1489 3753; x_wconf 79' lang='lat' dir='ltr'><strong>horrendum</strong></span> <span class='ocrx_word' id='word_1_132' title='bbox 1523 3679 1847 3754; x_wconf 87' lang='lat' dir='ltr'><strong>stridens</strong></span> <span class='ocrx_word' id='word_1_133' title='bbox 1884 3679 2216 3755; x_wconf 87' lang='lat' dir='ltr'><strong>adducta</strong></span> <span class='ocrx_word' id='word_1_134' title='bbox 2249 3681 2548 3781; x_wconf 90' lang='lat' dir='ltr'><strong>sagitta,</strong></span> 
     </span>
     <span class='ocr_line' id='line_1_21' title="bbox 704 3815 2808 3918; baseline 0.002 -28"><span class='ocrx_word' id='word_1_135' title='bbox 704 3815 992 3914; x_wconf 90' lang='lat' dir='ltr'><strong>Perque</strong></span> <span class='ocrx_word' id='word_1_136' title='bbox 1029 3831 1257 3916; x_wconf 89' lang='lat' dir='ltr'><strong>caput</strong></span> <span class='ocrx_word' id='word_1_137' title='bbox 1292 3816 1589 3891; x_wconf 89' lang='lat' dir='ltr'><strong>Remuli</strong></span> <span class='ocrx_word' id='word_1_138' title='bbox 1623 3815 1854 3910; x_wconf 86' lang='lat' dir='ltr'><strong>venit,</strong></span> <span class='ocrx_word' id='word_1_139' title='bbox 1903 3829 1980 3892; x_wconf 91' lang='lat' dir='ltr'><strong>et</strong></span> <span class='ocrx_word' id='word_1_140' title='bbox 2016 3843 2202 3892; x_wconf 89' lang='lat' dir='ltr'><strong>cava</strong></span> <span class='ocrx_word' id='word_1_141' title='bbox 2235 3829 2573 3918; x_wconf 89' lang='lat' dir='ltr'><strong>tempora</strong></span> <span class='ocrx_word' id='word_1_142' title='bbox 2605 3817 2808 3894; x_wconf 85' lang='lat' dir='ltr'><strong>ferro</strong></span> 
     </span>
     <span class='ocr_line' id='line_1_22' title="bbox 700 3953 2545 4056; baseline 0.002 -28"><span class='ocrx_word' id='word_1_143' title='bbox 700 3953 1033 4053; x_wconf 88' lang='lat' dir='ltr'><strong>Trajicit.</strong></span> <span class='ocrx_word' id='word_1_144' title='bbox 1147 3954 1205 4045; x_wconf 92' lang='lat' dir='ltr'><strong>I,</strong></span> <span class='ocrx_word' id='word_1_145' title='bbox 1252 3953 1495 4028; x_wconf 89' lang='lat' dir='ltr'><strong>verbis</strong></span> <span class='ocrx_word' id='word_1_146' title='bbox 1529 3953 1889 4030; x_wconf 87' lang='lat' dir='ltr'><strong>virtutem</strong></span> <span class='ocrx_word' id='word_1_147' title='bbox 1928 3954 2156 4030; x_wconf 91' lang='lat' dir='ltr'><strong>illude</strong></span> <span class='ocrx_word' id='word_1_148' title='bbox 2192 3957 2545 4056; x_wconf 89' lang='lat' dir='ltr'><strong>superbis.</strong></span> 
     </span>
     <span class='ocr_line' id='line_1_23' title="bbox 706 4091 2796 4193; baseline 0.001 -26"><span class='ocrx_word' id='word_1_149' title='bbox 706 4094 828 4167; x_wconf 90' lang='lat' dir='ltr'><strong>Bis</strong></span> <span class='ocrx_word' id='word_1_150' title='bbox 865 4091 1065 4192; x_wconf 88' lang='lat' dir='ltr'><strong>capti</strong></span> <span class='ocrx_word' id='word_1_151' title='bbox 1101 4092 1433 4192; x_wconf 86' lang='lat' dir='ltr'><strong>Phryges</strong></span> <span class='ocrx_word' id='word_1_152' title='bbox 1468 4094 1626 4168; x_wconf 86' lang='lat' dir='ltr'><strong>haec</strong></span> <span class='ocrx_word' id='word_1_153' title='bbox 1661 4094 1958 4170; x_wconf 89' lang='lat' dir='ltr'><strong>Rutulis</strong></span> <span class='ocrx_word' id='word_1_154' title='bbox 1995 4118 2346 4193; x_wconf 89' lang='lat' dir='ltr'><strong>responsa</strong></span> <span class='ocrx_word' id='word_1_155' title='bbox 2379 4096 2796 4170; x_wconf 79' lang='lat' dir='ltr'><strong>remittunt.</strong></span> 
     </span>
     <span class='ocr_line' id='line_1_24' title="bbox 708 4231 2839 4332; baseline 0 -27"><span class='ocrx_word' id='word_1_156' title='bbox 708 4233 876 4305; x_wconf 91' lang='lat' dir='ltr'><strong>Hoc</strong></span> <span class='ocrx_word' id='word_1_157' title='bbox 913 4243 1213 4305; x_wconf 89' lang='lat' dir='ltr'><strong>tantum</strong></span> <span class='ocrx_word' id='word_1_158' title='bbox 1247 4231 1637 4306; x_wconf 82' lang='lat' dir='ltr'><strong>Ascanius.</strong></span> <span class='ocrx_word' id='word_1_159' title='bbox 1731 4232 2006 4308; x_wconf 89' lang='lat' dir='ltr'><strong>Teucri</strong></span> <span class='ocrx_word' id='word_1_160' title='bbox 2044 4233 2368 4307; x_wconf 89' lang='lat' dir='ltr'><strong>clamore</strong></span> <span class='ocrx_word' id='word_1_161' title='bbox 2403 4247 2839 4332; x_wconf 89' lang='lat' dir='ltr'><strong>sequuntur,</strong></span> 
     </span>
     <span class='ocr_line' id='line_1_25' title="bbox 706 4366 2764 4468; baseline 0 -24"><span class='ocrx_word' id='word_1_162' title='bbox 706 4369 1145 4468; x_wconf 87' lang='lat' dir='ltr'><strong>Laetitiaque</strong></span> <span class='ocrx_word' id='word_1_163' title='bbox 1179 4366 1537 4462; x_wconf 88' lang='lat' dir='ltr'><strong>fremunt,</strong></span> <span class='ocrx_word' id='word_1_164' title='bbox 1586 4369 2020 4468; x_wconf 85' lang='lat' dir='ltr'><strong>animosque</strong></span> <span class='ocrx_word' id='word_1_165' title='bbox 2057 4370 2154 4444; x_wconf 89' lang='lat' dir='ltr'><strong>ad</strong></span> <span class='ocrx_word' id='word_1_166' title='bbox 2188 4369 2432 4445; x_wconf 87' lang='lat' dir='ltr'><strong>sidera</strong></span> <span class='ocrx_word' id='word_1_167' title='bbox 2466 4372 2764 4445; x_wconf 90' lang='lat' dir='ltr'><strong>tollunt.</strong></span> 
     </span>
     <span class='ocr_line' id='line_1_26' title="bbox 848 4506 2528 4609; baseline -0.001 -27"><span class='ocrx_word' id='word_1_168' title='bbox 848 4507 1187 4582; x_wconf 89' lang='lat' dir='ltr'><strong>AEtheria</strong></span> <span class='ocrx_word' id='word_1_169' title='bbox 1218 4520 1381 4581; x_wconf 89' lang='lat' dir='ltr'><strong>tum</strong></span> <span class='ocrx_word' id='word_1_170' title='bbox 1416 4506 1611 4582; x_wconf 86' lang='lat' dir='ltr'><strong>forte</strong></span> <span class='ocrx_word' id='word_1_171' title='bbox 1648 4508 1871 4609; x_wconf 92' lang='lat' dir='ltr'><strong>plaga</strong></span> <span class='ocrx_word' id='word_1_172' title='bbox 1907 4509 2220 4584; x_wconf 90' lang='lat' dir='ltr'><strong>crinitus</strong></span> <span class='ocrx_word' id='word_1_173' title='bbox 2256 4509 2528 4607; x_wconf 92' lang='lat' dir='ltr'><strong>Apollo</strong></span> 
     </span>
     <span class='ocr_line' id='line_1_27' title="bbox 704 4645 2488 4747; baseline -0.002 -26"><span class='ocrx_word' id='word_1_174' title='bbox 704 4647 1049 4747; x_wconf 88' lang='lat' dir='ltr'><strong>Desuper</strong></span> <span class='ocrx_word' id='word_1_175' title='bbox 1081 4645 1449 4721; x_wconf 86' lang='lat' dir='ltr'><strong>Ausonias</strong></span> <span class='ocrx_word' id='word_1_176' title='bbox 1486 4645 1683 4720; x_wconf 90' lang='lat' dir='ltr'><strong>acies</strong></span> <span class='ocrx_word' id='word_1_177' title='bbox 1720 4645 2128 4746; x_wconf 88' lang='lat' dir='ltr'><strong>urbemque</strong></span> <span class='ocrx_word' id='word_1_178' title='bbox 2161 4645 2488 4738; x_wconf 88' lang='lat' dir='ltr'><strong>videbat,</strong></span> 
     </span>
    </p>
   </div>
  </div>
 </body>
</html>
