3792 6234
615 1002 684 1051 ν.
723 984 890 1058 771.
1385 974 1776 1053 LIBER
1874 978 2016 1053 XI.
2606 988 2791 1065 ,233

613 1175 806 1273 Ipse,
852 1173 1252 1275 peregrina
1282 1174 1672 1275 ferrugine
1708 1178 1951 1251 clarus
1988 1189 2065 1251 et
2102 1188 2323 1271 ostro,

613 1316 912 1414 Spicula
945 1314 1343 1413 torquebat
1379 1314 1613 1413 Lycio
1643 1316 2023 1413 Gortynia
2057 1340 2332 1391 cornu:

611 1454 906 1527 Aureus
941 1477 1040 1527 ex
1075 1452 1402 1527 humeris
1438 1465 1657 1527 sonat
1691 1478 1931 1544 arena,
1978 1466 2056 1529 et
2092 1480 2319 1529 aurea
2351 1456 2505 1528 vati

617 1580 963 1667 Caesida:
1005 1604 1170 1665 tum
1207 1615 1553 1667 croceam
1589 1590 2213 1691 chlamydemque
2248 1592 2601 1691 sinusque
2634 1618 2791 1669 cre-

759 1744 1025 1831 pantes

615 1870 1024 1946 carbaseos
1057 1868 1268 1945 fulvo
1305 1871 1382 1945 in
1420 1870 1704 1945 nodum
1742 1872 2152 1971 collegerat
2186 1896 2389 1963 auro,

611 2009 866 2085 Pictus
902 2034 1046 2085 acu
1081 2009 1400 2101 tunicaS,
1449 2022 1527 2083 et
1559 2008 1878 2083 barbara
1911 2009 2253 2109 tegmina
2288 2034 2609 2086 crurum.

613 2149 845 2224 Hunc
880 2149 1114 2249 virg0,
1160 2149 1316 2223 sive
1351 2160 1438 2223 ut
1472 2147 1770 2247 templis
1792 2150 2221 2248 praefigeret
2256 2174 2465 2225 arma

608 2288 850 2382 Troia,
897 2289 1197 2387 captivo
1231 2289 1384 2363 sive
1423 2300 1509 2363 ut
1543 2314 1622 2363 se
1657 2287 1892 2364 ferret
1930 2289 2011 2362 in
2048 2314 2229 2363 auro

609 2428 1006 2521 Venatrix,
1053 2454 1290 2503 unum
1329 2454 1426 2502 ex
1461 2427 1668 2503 omni
1705 2427 2121 2503 certamine
2154 2454 2429 2529 pugnae

612 2566 832 2641 Caeca
865 2566 1352 2664 sequebatur3
1413 2578 1807 2665 totumque
1841 2566 2153 2641 incauta
2186 2592 2319 2665 per
2354 2591 2627 2666 agmen

609 2705 963 2780 Femineo
995 2703 1259 2803 praedae
1293 2716 1371 2779 et
1403 2705 1806 2804 spoliorum
1843 2702 2157 2779 ardebat
2192 2728 2464 2779 amore.

606 2844 877 2919 Telum
913 2868 1010 2917 ex
1049 2842 1334 2917 insidiis
1367 2869 1598 2942 quum
1634 2842 1948 2917 tandem
1986 2854 2323 2944 tempore
2358 2854 2581 2943 capto

610 2982 990 3075 Concitat,
1039 2993 1117 3056 et
1152 3005 1454 3081 superos
1489 2982 1780 3055 Arruns
1813 2981 1922 3055 sic
1959 3006 2143 3055 voce
2176 2993 2567 3080 precatur:
2658 2986 2671 2997 ⁹

605 3121 906 3195 Summe
940 3120 1188 3211 deum,
1235 3118 1480 3193 sancti
1515 3132 1764 3193 custos
1795 3119 2127 3225 §oractis
2160 3120 2453 3218 Ap0110‚

607 3259 859 3345 Quem
893 3258 1114 3359 primi
1149 3258 1484 3350 colimus,
1533 3257 1658 3333 cui
1692 3257 1955 3358 pineus
1992 3257 2215 3332 ardor
2250 3282 2519 3332 acervo

604 3397 968 3489 Pascitur,
1017 3406 1096 3471 et
1128 3396 1461 3471 medium
1495 3394 1672 3473 freti
1707 3395 1990 3494 pietate
2024 3420 2158 3494 per
2194 3394 2449 3495 ignem

608 3536 956 3611 Cultores
989 3536 1231 3609 multa
1265 3534 1667 3635 premimus
1703 3533 2025 3633 vestigia
2058 3558 2339 3633 pruna;

605 3674 749 3766 Da,
797 3685 1032 3774 pater,
1080 3675 1226 3748 hoc
1259 3672 1534 3747 nostris
1569 3672 1850 3747 aboleri
1887 3670 2217 3748 dedecus
2254 3672 2496 3764 armiS,

605 3812 1124 3913 Omnipotens.
1222 3812 1406 3885 Non
1445 3812 1775 3902 exuviae,
1821 3812 2145 3910 pulsaeve
2180 3824 2543 3910 tropaeum

605 3950 966 4051 Virginis,
1012 3962 1143 4025 aut
1177 3950 1410 4049 spolia
1445 3952 1601 4025 ulla
1633 3964 1846 4051 peto;
1906 3951 2091 4025 mihi
2128 3964 2383 4026 cetera
2418 3951 2717 4027 laudem

605 4089 838 4165 Facta
867 4087 1156 4163 ferent:
1213 4089 1373 4165 haec
1407 4088 1573 4163 dira
1604 4113 1774 4163 meo
1808 4088 1989 4163 dum
2024 4090 2338 4164 vulnere
2372 4090 2599 4189 pestis

602 4226 830 4303 Pulsa
864 4226 1108 4319 cadat,
1154 4225 1430 4325 patrias
1465 4226 1816 4301 remeabo
1851 4226 2219 4327 inglorius
2255 4229 2496 4303 urbes·

601 4366 889 4459 Audiit,
937 4378 1015 4440 et
1049 4366 1206 4440 voti
1243 4363 1562 4439 Phoebus
1597 4338 2005 4441 succedere
2040 4379 2333 4464 partem

605 4504 876 4579 Mente
911 4502 1143 4595 dedit,
1189 4516 1476 4602 partem
1513 4504 1855 4579 volucres
1889 4502 2237 4601 dispersit
2270 4504 2347 4577 in
2394 4528 2629 4577 auras,

601 4645 988 4719 Sterneret
1021 4652 1112 4717 ut
1144 4640 1392 4717 subita
1426 4641 1806 4717 turbatam
1843 4654 2086 4717 morte
2118 4640 2537 4735 Camillam,

765 4798 794 4839 α
2334 4793 2368 4835 2
2386 4785 2437 4836 H
