3792 6234
956 955 1098 1023 204
1812 948 1904 1022 AE
1926 947 2004 1020 N
2031 946 2093 1020 E
2121 945 2246 1020 IS.
2883 973 2950 1021 v·
2987 957 3104 1022 23.

954 1145 1094 1236 Ite,
1141 1145 1284 1235 ait;
1344 1143 1681 1244 egregias
1719 1144 2024 1235 animas,
2073 1169 2236 1243 quae
2269 1145 2640 1244 sanguine
2678 1144 2892 1219 nobis

956 1285 1179 1356 Hanc
1214 1282 1529 1381 patriam
1566 1307 1921 1380 peperere
1955 1307 2109 1373 suc,
2157 1281 2510 1356 decorate
2542 1283 2903 1381 supremis

957 1420 1401 1497 Muneribus
1419 1447 1439 1512 3
1498 1432 1978 1518 maestamque
2012 1420 2344 1494 Evandri
2379 1419 2658 1519 primus
2696 1419 2791 1494 ad
2829 1421 3114 1516 urbem,

955 1560 1315 1634 Mittatur
1350 1557 1609 1650 Pallas,
1656 1583 1877 1656 quem
1915 1583 2070 1632 non
2107 1558 2404 1632 virtutis
2439 1571 2792 1659 egentem
2909 1553 2914 1560 ’

952 1697 1288 1774 Abstulit
1322 1709 1485 1770 atra
1518 1696 1695 1786 dies,
1746 1709 1825 1770 et
1855 1695 2124 1770 funere
2159 1696 2417 1772 mersit
2451 1697 2742 1772 acerbo,

1103 1837 1221 1910 Sic
1250 1836 1357 1910 ait
1387 1836 1883 1935 illacrymanS,
1913 1835 2326 1935 recipitque
2353 1835 2447 1908 ad
2476 1835 2737 1909 limina
2759 1861 3114 1935 gressum,

958 1975 1247 2073 Corpus
1284 1974 1411 2048 ubi
1448 1974 1778 2048 exanimi
1814 1974 2140 2072 positum
2177 1973 2536 2048 Pallantis
2569 1975 2880 2084 Acoetes·

957 2113 1312 2188 Servabat
1350 2113 1617 2204 senior,
1664 2113 1791 2211 qui
1826 2113 2216 2186 Parrhasio
2253 2113 2606 2187 Evandro

956 2251 1308 2351 Armiger
1342 2264 1519 2326 ante
1551 2250 1698 2326 fuit
1718 2279 1737 2343 3
1796 2252 1927 2326 sed
1963 2277 2117 2326 non
2152 2251 2496 2326 felicibus
2532 2278 2736 2350 aeque

956 2389 1149 2463 Tum
1187 2415 1435 2464 comes
1470 2390 1815 2488 auspiciis
1853 2415 2029 2464 caro
2064 2390 2282 2466 datus
2320 2390 2476 2467 ibat
2511 2392 2839 2465 alumn0.

961 2526 1267 2602 Circum
1298 2553 1557 2601 omnes
1581 2526 2093 2626 famulumque
2119 2555 2406 2622 manuS,
2428 2527 2898 2629 Trojanaque
2924 2529 3164 2622 turba,

958 2665 1058 2738 Et
1092 2678 1427 2740 maestum
1464 2666 1735 2740 Iliades
1772 2667 2058 2740 crinem
2095 2667 2190 2741 de
2223 2693 2429 2742 more
2465 2655 2756 2743 solutaeq

960 2803 1072 2878 Ut
1103 2827 1281 2878 vero
1310 2803 1580 2876 AEneas
1615 2801 1895 2878 foribus
1931 2829 2088 2878 sese
2125 2806 2382 2880 intulit
2416 2808 2604 2899 altis,

957 2941 1362 3040 Ingentem
1399 2941 1767 3040 gemitum
1804 2944 2043 3016 tunsis
2080 2943 2174 3017 ad
2210 2943 2452 3018 sidera
2483 2947 2764 3020 tollunt

961 3078 1417 3170 Pectoribus,
1464 3093 1864 3178 maestoque
1903 3081 2252 3182 immugit
2285 3084 2494 3182 regia
2527 3086 2761 3160 luctu.

961 3218 1129 3316 Ipse
1168 3231 1393 3318 caput
1426 3217 1628 3294 nivei
1661 3218 1938 3294 fultum
1975 3219 2334 3295 Pallantis
2373 3233 2450 3294 et
2483 3246 2614 3295 ora

960 3355 1069 3430 Ut
1103 3356 1313 3448 vidit,
1358 3357 1651 3454 levique
1685 3369 1950 3455 patens
1996 3359 2072 3431 in
2113 3371 2416 3457 pectore
2449 3361 2722 3436 vulnus
2773 3361 2777 3368 ⁴

964 3494 1307 3594 Cuspidis
1342 3496 1717 3588 Ausoniae,
1764 3494 2112 3594 lacrymis
2151 3497 2256 3570 ita
2291 3496 2495 3572 fatur
2531 3498 2846 3574 obortis:

1106 3633 1335 3725 Tene,
1374 3634 1638 3732 inquit,
1674 3634 2094 3708 miserande
2123 3660 2326 3732 puer,
2355 3662 2584 3734 quum
2613 3637 2780 3711 laeta
2807 3636 3120 3730 veniret,

962 3771 1247 3845 Invidit
1283 3769 1589 3845 fortuna
1621 3771 1825 3862 mihi,
1874 3798 1971 3845 ne
2007 3797 2244 3872 regna
2281 3774 2568 3848 videres

959 3909 1263 4000 Nostra,
1314 3935 1557 4008 neque
1594 3911 1689 3983 ad
1724 3911 1935 3984 sedes
1969 3911 2214 3984 victor
2248 3914 2601 3986 veherere
2639 3913 3030 4012 paternas?

960 4047 1143 4121 Non
1180 4049 1337 4122 haec
1371 4048 1723 4122 Evandro
1758 4049 1853 4122 de
1890 4063 1967 4122 te
2003 4050 2359 4148 promissa
2393 4051 2688 4149 parenti

961 4185 1377 4260 Discedens
1415 4186 1791 4278 dederam,
1836 4213 2068 4285 quum
2104 4214 2224 4262 me
2263 4191 2694 4290 complexus
2729 4205 3036 4267 euntem

963 4325 1312 4398 Mitteret
1342 4326 1418 4398 in
1449 4349 1809 4425 magnum
1840 4325 2253 4424 imperium,
2289 4339 2777 4426 metuensque
2811 4339 3153 4406 moneret

958 4463 1193 4537 Acres
1232 4489 1386 4537 esse
1422 4461 1637 4554 virOS,
1688 4488 1860 4536 cum
1896 4464 2084 4537 dura
2116 4465 2369 4563 proelia
2402 4480 2652 4566 gente.

962 4599 1061 4674 Et
1098 4627 1303 4676 nunc
1341 4602 1465 4676 ille
1500 4601 1823 4700 quidem,
1868 4627 1998 4701 spe
2033 4604 2354 4679 multum
2390 4619 2652 4705 captus
2687 4605 2918 4700 inani,
