3792 6234
752 963 819 1013 v.
858 948 1025 1013 5ιοὅ
1527 886 1914 1015 Μ’ΒΕΒ
2013 940 2153 1014 1x.
2790 950 2920 1017 155
3010 978 3032 1011 κ

755 1137 1055 1211 Assueti
1090 1137 1321 1236 longo
1353 1163 1603 1212 muros
1637 1138 2044 1214 defendere
2079 1138 2296 1213 bello,

756 1252 951 1348 Saxa
984 1286 1279 1373 quoque
1315 1274 1588 1350 infesto
1623 1276 2031 1350 volvebant
2063 1276 2418 1375 pondere,
2463 1277 2524 1350 si
2559 1302 2710 1376 qua

672 1426 675 1429 ’
759 1413 1070 1487 Possent
1104 1425 1385 1488 tectam
1424 1413 1663 1488 aciem
1689 1438 2168 1514 perrumpere
2186 1442 2206 1505 ;
2247 1439 2476 1512 quum
2513 1426 2770 1490 tamen
2798 1439 2952 1491 om-

902 1576 1037 1625 nes
1982 1538 1988 1545 ’

754 1686 975 1763 Ferre
998 1688 1220 1788 juvat
1253 1689 1511 1766 subter
1541 1690 1777 1765 densa
1808 1690 2193 1765 testudine
2229 1715 2462 1765 casus.

756 1826 928 1901 Nec
945 1826 1108 1926 jam
1136 1829 1555 1919 sufficiunt3
1590 1855 1789 1923 nam,
1815 1854 1964 1927 qua
1986 1829 2252 1929 globus
2281 1828 2625 1904 imminet
2649 1831 2940 1931 ingens»,

756 1964 1176 2041 Immanem
1203 1967 1478 2041 Teucri
1512 1967 1786 2042 molem
1820 1968 2282 2065 volvuntque
2319 1980 2719 2067 ruuntque,

756 2102 945 2189 Quae
979 2104 1244 2179 stravit
1280 2105 1595 2180 Rutulos
1630 2105 1801 2198 late,
1850 2130 2372 2202 armorumque
2407 2106 2710 2181 resolvit

751 2241 1161 2343 Tegmina:
1218 2268 1363 2317 nec
1401 2244 1673 2318 curant
1707 2267 1905 2317 caeco
1941 2243 2401 2317 contendere
2437 2256 2676 2319 marte

752 2380 1093 2479 Amplius
1128 2381 1447 2455 audaces
1484 2381 1786 2473 Rutuli3
1841 2380 1974 2455 sed
2007 2380 2284 2479 pellere
2321 2382 2515 2455 vallo

754 2518 1164 2593 Missilibus
1200 2530 1517 2594 certant.

754 2658 976 2732 Parte
1014 2658 1162 2732 alia
1194 2658 1610 2733 horrendus
1644 2659 1808 2733 visu
1842 2658 2240 2757 quassabat
2273 2658 2670 2733 Etruscam

753 2796 1045 2889 Pinum,
1094 2809 1173 2871 et
1203 2794 1589 2871 fumiferos
1626 2794 1856 2870 infert
1892 2796 2318 2871 Mezentius
2354 2796 2588 2896 ignes.

748 2935 857 3008 At
892 2934 1303 3035 MessapuS‚
1351 2936 1625 3033 equum
1661 2933 2005 3027 domitor,
2054 2933 2452 3033 Neptunia
2483 2934 2746 3032 proles,
2838 3021 2845 3026 ‚

751 3070 1146 3147 Rescindit
1178 3073 1477 3165 vallum,
1525 3084 1604 3147 et
1636 3073 1870 3147 scalas
1908 3074 1988 3147 in
2023 3072 2300 3147 moenia
2331 3072 2591 3171 poscit.

903 3212 1078 3303 Vos,
1126 3236 1173 3285 o
1208 3210 1565 3311 Calliope,
1612 3236 1897 3310 precor,
1946 3210 2320 3310 adspirate
2357 3208 2684 3299 canenti,
2752 3267 2761 3278 .

752 3347 961 3434 Quas
998 3348 1101 3423 ibi
1135 3359 1322 3424 tunc
1356 3348 1557 3424 ferro
1591 3362 1897 3449 strages,
1947 3374 2108 3447 quae
2140 3346 2413 3422 funera
2436 3348 2735 3421 Turnus

750 3484 1113 3579 Ediderit,
1160 3512 1383 3584 quem
1418 3486 1727 3585 quisque
1762 3487 2008 3561 virum
2044 3480 2428 3560 demiserit
2463 3483 2702 3575 Orco;

750 3623 852 3698 Et
884 3648 1182 3699 mecum
1218 3624 1569 3725 ingentes
1606 3648 1771 3699 oras
1806 3624 2130 3698 evolvite
2163 3622 2378 3698 belli:

760 3762 892 3858 [Et
927 3762 1369 3837 meministis
1406 3762 1630 3855 enim,
1678 3762 1886 3855 divae,
1938 3775 2018 3837 et
2051 3785 2464 3836 memorare
2500 3759 2870 3861 potestis.]

896 3900 1151 3973 Turris
1187 3912 1348 3974 erat
1379 3914 1592 3975 vasto
1626 3912 1980 4000 suspectu
2015 3911 2092 3974 et
2124 3899 2480 4000 pontibus
2515 3898 2706 3993 altis,

750 4036 1199 4136 Opportuna
1229 4038 1418 4131 loco,
1466 4038 1773 4113 summis
1809 4064 2032 4137 quam
2069 4036 2351 4113 viribus
2385 4062 2644 4113 omnes

748 4176 1210 4277 Expugnare
1246 4177 1443 4269 Itali,
1488 4201 1926 4276 summaque
1960 4190 2295 4252 evertere
2331 4200 2558 4275 opum
2590 4174 2689 4267 vi,

752 4314 1188 4407 Certabant,
1227 4316 1457 4390 Troes
1494 4328 1763 4390 contra
1797 4314 2206 4390 defendere
2241 4314 2460 4407 saxiS,

748 4450 1037 4549 Perque
1074 4477 1291 4527 cavas
1326 4453 1540 4528 densi
1576 4454 1731 4528 tela
1763 4454 2196 4552 intorquere
2230 4450 2616 4527 fenestras.

748 4588 1104 4691 Princeps
1140 4590 1533 4666 ardentem
1572 4590 1902 4690 conjecit
1936 4590 2284 4691 lampada
2311 4590 2629 4681 Turnus,
