3792 6234
715 958 993 1033 v.244.
1511 952 1903 1031 LIBER.
1998 954 2093 1031 V.
2806 966 2883 1031 ll

711 1153 1104 1227 Victorem
1139 1176 1420 1252 magna
1449 1153 1812 1253 praeconis
1845 1178 2035 1227 voce
2072 1153 2535 1231 Cloanthum

714 1291 1098 1383 Declarat‚
1141 1290 1514 1389 viridique
1547 1292 1850 1367 advelat
1881 1306 2223 1393 tempora
2256 1293 2507 1369 lauro:

713 1430 1192 1529 Muneraque
1227 1430 1306 1505 in
1343 1454 1595 1526 naves,
1641 1442 1896 1506 ternos
1931 1443 2191 1531 optare
2212 1430 2605 1530 juvencos,

710 1567 1082 1667 Vinaque,
1129 1580 1208 1642 et
1241 1568 1540 1669 argenti
1574 1594 1939 1670 magnum
1974 1570 2107 1645 dat
2138 1568 2337 1645 ferre
2372 1572 2763 1647 talentum.

714 1704 900 1806 Ipsis
933 1707 1349 1808 praecipuos
1383 1708 1824 1784 ductoribus
1859 1709 2073 1785 addit
2106 1710 2466 1785 honores:

710 1844 1003 1921 Victori
1041 1847 1518 1947 chlamydem
1553 1861 1916 1941 auratam,
1961 1872 2187 1947 quam
2222 1848 2545 1948 plurima
2578 1849 2863 1924 circum

709 1982 1050 2085 Purpura
1083 1984 1478 2061 Maeandro
1511 1986 1796 2087 duplici
1831 1987 2191 2063 Meliboea
2220 1986 2597 2063 cucurrit:

708 2123 1210 2223 Intextusque
1247 2148 1434 2225 puer
1463 2122 1822 2201 frondosa
1855 2127 2105 2227 regius
2144 2125 2286 2199 Ida

706 2261 1026 2339 Veloces
1047 2262 1308 2362 jaculo
1343 2258 1600 2340 cervos
1635 2289 2009 2363 cursuque
2040 2263 2339 2365 fatigat,

704 2402 925 2495 Acer,
973 2403 1364 2479 anhelanti
1399 2404 1696 2495 similis;
1754 2428 1978 2503 quem
2014 2428 2293 2503 praepes
2328 2403 2423 2477 ab
2462 2403 2603 2477 Ida

706 2540 1112 2615 Sublimem
1145 2540 1460 2641 pedibus
1494 2540 1744 2641 rapuit
1773 2542 1824 2616 J
1827 2541 1987 2617 ovis
2023 2541 2350 2642 armiger
2380 2540 2634 2633 uncis3

705 2678 1062 2780 Longaevi
1098 2681 1380 2779 palmas
1415 2680 1927 2779 nequidquam
1962 2680 2058 2755 ad
2092 2679 2339 2755 sidera
2372 2679 2703 2755 tendunt

707 2817 1098 2911 Custodes,
1143 2818 1498 2918 saevitque
1533 2843 1811 2894 canum
1845 2820 2161 2893 latratus
2196 2818 2276 2893 in
2314 2842 2551 2893 auras.

701 2959 829 3052 At,
876 2958 1004 3057 qui
1039 2959 1316 3034 deinde
1351 2961 1604 3035 locum
1636 2956 1890 3033 tenuit
1920 2958 2204 3035 virtute
2236 2958 2676 3052 secundum,

703 3095 1028 3173 Levibus
1061 3098 1240 3173 huic
1275 3098 1516 3174 hamis
1553 3112 1978 3173 consertam
2014 3120 2344 3197 auroque
2380 3098 2703 3174 trilicem

704 3236 1072 3331 Loricam,
1118 3262 1344 3336 quam
1379 3237 1748 3313 Demoleo
1781 3238 2221 3313 detraxerat
2252 3238 2409 3336 ipse

701 3374 974 3451 Victor
1007 3376 1208 3475 apud
1241 3375 1586 3476 rapidum
1621 3376 2005 3451 Simoenta
2044 3376 2183 3452 sub
2218 3376 2361 3451 Ilio
2396 3376 2573 3469 alte,

701 3513 963 3590 Donat
997 3516 1274 3591 habere
1307 3515 1490 3609 viro,
1537 3515 1770 3589 decus
1807 3526 1886 3590 et
1919 3526 2265 3591 tutamen
2304 3515 2383 3591 in
2426 3514 2669 3589 armis.

699 3652 854 3727 vix
893 3654 1096 3729 illam
1131 3652 1396 3729 famuli
1432 3654 1778 3755 Phegeus
1809 3654 2254 3755 Sagarisque
2287 3652 2635 3729 ferebant

699 3790 1228 3892 Multiplicem,
1275 3794 1592 3869 connixi
1627 3794 1996 3883 humeris3
2054 3792 2366 3867 indutus
2402 3804 2484 3867 at
2517 3792 2694 3869 olim

699 3928 1102 4006 Demoleos
1139 3956 1362 4007 cursu
1397 3933 1736 4032 palantes
1767 3932 2001 4007 Troas
2043 3932 2338 4033 agebat.

694 4068 954 4143 Tertia
987 4070 1188 4145 dona
1217 4069 1406 4147 facit
1440 4072 1784 4172 geminos
1817 4096 1917 4146 ex
1952 4096 2093 4163 aere
2126 4071 2433 4165 lebetas,

700 4207 1168 4308 Cymbiaque
1203 4224 1524 4311 argento
1555 4210 1915 4311 perfecta,
1958 4224 2187 4309 atque
2220 4234 2481 4311 aspera
2512 4210 2769 4311 signis.

693 4346 1017 4451 Jamque
1051 4347 1241 4422 adeo
1275 4349 1536 4424 donati
1572 4374 1854 4443 omnes,-
1895 4348 2309 4450 opibusque
2344 4348 2665 4450 superbi,

696 4484 1048 4561 Puniceis
1083 4486 1298 4563 ibant
1331 4486 1616 4565 evincti
1651 4500 1993 4588 tempora
2024 4489 2305 4581 taeniis;

697 4623 978 4718 Quum,
1026 4650 1220 4703 saevo
1253 4652 1295 4703 e
1331 4628 1638 4727 scopulo
1671 4629 1913 4705 multa
1942 4629 2075 4704 vix
2112 4640 2273 4705 arte
2306 4628 2661 4721 revulsus,
