3792 6234
965 995 1102 1062 110
1718 987 2254 1063 .-AENEIS.
2399 987 2416 1056 .’
2847 991 3152 1067 v.126.·

947 1184 1253 1283 Optime
1288 1182 1833 1285 Grajugenfim,
1884 1187 2008 1277 cui
2042 1211 2163 1260 me
2197 1185 2507 1260 fortuna
2539 1186 2851 1285 precari,

946 1323 1046 1396 Et
1082 1324 1273 1396 vitta
1308 1339 1643 1422 comptos
1680 1324 1920 1398 voluit
1955 1323 2418 1423 praetendere
2455 1346 2721 1417 ramOS,

946 1461 1127 1535 Non
1160 1463 1505 1560 equidem
1532 1464 1852 1538 extimui
1876 1463 2230 1538 Danaum
2259 1462 2456 1560 quod
2489 1462 2763 1539 ductor
2791 1476 2870 1538 et
2891 1461 3148 1557 'Arcaffi

945 1600 1321 1699 Quodque
1358 1601 1453 1676 ab
1486 1601 1717 1702 stirpe
1748 1601 1946 1675 fores
1977 1601 2298 1701 geminis
2330 1599 2783 1700 conjunctus
2808 1601 3093 1678 Atridis
3111 1630 3140 1694 ;⁴

943 1739 1087 1812 Sed
1122 1764 1291 1813 mea
1324 1765 1445 1814 me
1480 1742 1737 1833 virtus»,
1786 1753 1865 1814 et
1898 1751 2166 1814 sancta
2200 1741 2506 1815 oracula
2540 1740 2818 1834 divam,

884 1945 891 1954 ,
948 1875 1427 1977 Cognatique
1462 1883 1732 1977 patreS,
1779 1892 1917 1952 tua
1948 1877 2164 1952 terris
2195 1877 2441 1952 didita
2473 1878 2697 1971 fama,

946 2015 1433 2115 Conjunxere
1472 2018 1632 2109 tibi,
1681 2030 1759 2091 et
1794 2017 1969 2091 fatis
2007 2041 2230 2116 egere
2268 2018 2671 2092 volentem.
2783 2053 2790 2060 ·

945 2155 1369 2248 Dardanus»,
1420 2156 1669 2231 Iliacae
1704 2156 1984 2256 primus
2019 2165 2236 2256 pater
2266 2156 2470 2231 urbis
2507 2169 2586 2230 et
2619 2167 2904 2250 auctor,

943 2292 1267 2386 Electra,
1315 2306 1403 2370 ut
1438 2295 1653 2370 Graii
1688 2295 2113 2394 perhibent,
2159 2294 2553 2370 Atlantide
2590 2307 2860 2388 cretus,

941 2433 1370 2511 Advehitur
1396 2434 1773 2544 Teucros:
1830 2434 2210 2512 Electram
2243 2435 2620 2509 maximus
2655 2435 2868 2509 Atlas

942 2571 1222 2664 Edidit,
1273 2573 1613 2647 aetherios
1650 2575 1962 2648 humero
1997 2575 2123 2672 qui
2159 2574 2482 2648 sustinet
2515 2573 2750 2649 orbes..

942 2710 1174 2785 Vobis
1217 2711 1643 2786 Mercurius
1678 2725 1895 2811 pater
1928 2725 2062 2806 est,
2109 2737 2333 2810 quem
2370 2711 2696 2787 candida
2730 2707 2942 2788 Maia

945 2849 1281 2948 Cyllenae
1318 2849 1571 2949 gelido
1608 2864 2061 2950 conceptum
2099 2851 2383 2926 vertice
2417 2850 2653 2942 fudit3

942 2989 1048 3062 At
1084 2988 1394 3082 Maiam,
1444 2989 1718 3064 auditis
1755 2991 1814 3064 si
1851 2989 2258 3088 quidquam
2295 2989 2691 3084 credimus,
2736 2991 2971 3083 Atlas,

940 3126 1157 3202 Idem
1194 3129 1407 3202 Atlas
1444 3142 1764 3228 generat
1798 3128 1965 3202 coeli
2003 3128 2130 3227 qui
2167 3129 2412 3203 sidera
2442 3129 2664 3202 tollit.
2707 3163 2716 3170 ·

940 3266 1059 3340 Sic
1096 3291 1337 3367 genus
1374 3267 1762 3342 amborum
1798 3266 2078 3342 scindit
2111 3293 2191 3342 se
2225 3267 2595 3368 sanguine
2630 3265 2724 3340 ab
2763 3291 2934 3341 uno,

941 3403 1079 3478 His
1116 3405 1375 3498 fretuS,
1422 3431 1578 3481 non
1615 3408 1925 3507 legatOS,
1975 3431 2221 3505 neque
2255 3405 2496 3505 prima
2528 3430 2663 3504 per
2697 3415 2936 3480 artem

937 3543 1445 3619 Tentamenta
1480 3545 1593 3619 tui
1628 3543 1919 3646 pepigi:
1977 3570 2118 3637 me,
2167 3569 2289 3619 me
2325 3545 2502 3644 ipse,
2549 3568 2950 3643 meumque

941 3680 1208 3780 Objeci
1248 3695 1494 3781 caput,
1546 3695 1623 3756 et
1657 3685 1975 3783 supplex
2011 3683 2108 3756 ad
2146 3682 2407 3757 limina
2442 3683 2638 3756 veni.

940 3821 1152 3895 Gens
1188 3823 1473 3914 eadem,
1523 3847 1687 3920 quae
1722 3835 1821 3914 te,
1872 3821 2156 3896 crudeli
2198 3820 2505 3896 Daunia
2536 3821 2734 3896 bello
2809 3832 2818 3840 '

938 3959 1411 4058 Insequitur:
1468 3985 1605 4034 nos
1642 3961 1701 4034 si
1737 3960 2046 4059 pellant,
2093 3959 2285 4035 nihil
2321 3958 2578 4034 abfore
2615 3959 2939 4034 credunt

940 4097 1150 4185 Quin
1178 4123 1479 4173 omnem
1504 4099 1948 4198 Hesperiam
1969 4100 2269 4199 penitus
2299 4124 2434 4174 sua
2459 4075 2801 4200 subjuga
2827 4098 3159 4194 mittant,

935 4236 1038 4312 Et
1074 4261 1282 4311 mare
1318 4235 1517 4334 quod
1554 4261 1773 4337 supra
1807 4250 2144 4332 teneant,
2193 4237 2540 4337 quodque
2575 4238 2790 4312 alluit
2824 4237 3046 4312 infra.

937 4377 1224 4476 Accipe
1260 4376 1503 4475 daque
1541 4374 1804 4451 fidem:
1862 4388 2040 4450 sunt
2074 4377 2289 4452 nobis
2323 4376 2550 4451 fortia
2584 4377 2783 4451 bello

936 4515 1276 4608 Pectora,
1324 4526 1503 4590 sunt
1540 4515 1795 4608 animi,
1842 4528 1921 4590 et
1956 4514 2174 4590 rebus
2211 4528 2551 4616 spectata
2570 4513 2954 4615 juventus.

1089 4653 1414 4728 Dixerat
1448 4655 1757 4731 AEneas:
1816 4655 1942 4729 ille
1977 4679 2056 4730 os
2092 4657 2496 4755 oculosque
2532 4654 2908 4754 loquentis
