3792 6234
983 944 1126 1011 248
1837 936 1931 1009 AE
1956 936 2033 1009 N
2059 936 2121 1009 E
2148 936 2183 1009 1
2208 938 2274 1011 S.
2854 962 2921 1009 v.
2960 946 3155 1011 225.

985 1134 1289 1207 Nomen
1329 1140 1489 1207 erat
1524 1131 1838 1224 virtutis,
1885 1146 1963 1207 et
1998 1133 2153 1231 ipse
2189 1132 2591 1207 acerrimus
2628 1134 2867 1225 armis,

982 1271 1073 1344 In
1113 1271 1394 1345 medias
1429 1272 1563 1346 dat
1593 1296 1752 1347 sese
1786 1272 2003 1363 acieS‚
2052 1271 2249 1345 haud
2286 1272 2542 1345 nescia
2574 1296 2843 1365 rerum,

983 1410 1490 1509 Rumoresque
1523 1411 1704 1485 serit
1737 1410 1999 1502 varios,
2046 1434 2135 1483 ac
2168 1410 2351 1484 talia
2382 1410 2621 1485 fatur:

981 1548 1162 1623 Non
1199 1551 1452 1649 pudet,
1499 1574 1544 1622 o
1580 1548 1860 1641 Rutuli,
1908 1549 2371 1651 procunctis
2406 1549 2676 1623 talibus
2712 1574 2937 1623 unam

979 1688 1378 1787 Objectare
1418 1688 1786 1763 animam?
1839 1713 2252 1761 numerone
2288 1714 2385 1761 an
2422 1688 2699 1761 viribus
2734 1688 2919 1786 aequi

979 1828 1158 1901 Non
1197 1827 1492 1901 sumus?
1545 1827 1660 1901 En
1699 1852 1955 1901 omnes
1992 1839 2068 1900 et
2089 1827 2319 1900 Troes
2354 1826 2786 1901 et'Arcades
2812 1828 2889 1899 hi
2923 1842 3141 1918 sunt,

977 1966 1394 2063 Fatalisque
1429 1990 1713 2055 manus,
1762 1964 2059 2039 infensa
2092 1964 2391 2037 Etruria
2418 1964 2711 2039 Turno:

978 2103 1128 2177 Vix
1165 2106 1473 2195 hostem,
1521 2104 1791 2177 alterni
1826 2105 1884 2177 si
1924 2102 2518 2203 congrediamur,
2565 2102 2941 2177 habemus,

977 2244 1114 2316 Ille
1149 2243 1450 2340 quidem
1485 2243 1579 2316 ad
1617 2243 1957 2341 SuperOS,
1996 2266 2309 2338 quorum
2344 2266 2421 2315 se
2459 2241 2779 2315 devovet
2812 2242 2975 2333 πίε,

975 2380 1344 2454 Succedet
1376 2380 1594 2472 fama,
1644 2380 2000 2477 vivusque
2037 2404 2169 2477 per
2201 2404 2332 2451 ora
2364 2377 2685 2452 feretur:

975 2518 1158 2610 Nos,
1207 2519 1447 2616 patria
1481 2518 1764 2609 amissa,
1814 2494 2132 2591 dominis
2169 2542 2425 2616 parere
2462 2517 2795 2616 superbis

973 2658 1373 2755 Cogemur‚
1419 2655 1546 2755 qui
1581 2681 1789 2729 nunc
1823 2656 2009 2730 lenti
2046 2655 2517 2729 consedimus
2554 2656 2767 2728 arvis,

968 2794 1270 2867 Talibus
1309 2794 1618 2867 incensa
1651 2806 1762 2867 est
1783 2793 2151 2893 juvenum
2188 2793 2565 2867 sententia
2596 2793 2817 2867 dictis

970 2932 1017 3007 J
1024 2957 1142 3005 am
1179 2931 1412 3031 magis
1449 2944 1671 3029 atque
1705 2931 1982 3031 magis;
2024 2932 2397 3030 serpitque
2428 2955 2561 3028 per
2595 2930 2900 3029 agmina
2932 2956 3141 3005 mur·

1118 3096 1306 3143 mur.

973 3208 1123 3309 Ipsi
1161 3208 1570 3282 Laurentes
1608 3208 1898 3299 mutati,
1948 3206 2230 3305 ipsique
2268 3205 2557 3280 Latini:

969 3348 1124 3433 Qui
1160 3348 1296 3420 sibi
1323 3344 1480 3444 jam
1517 3344 1848 3442 requiem
1885 3370 2156 3443 pugnae
2190 3344 2553 3441 rebusque
2588 3346 2903 3419 salutem

969 3484 1400 3585 Sperabam,
1449 3507 1657 3558 nunc
1692 3508 1897 3557 arma
1930 3483 2214 3573 volunt,
2262 3480 2647 3580 foedusque
2684 3494 3091 3580 precantur

969 3622 1372 3714 Infectum,
1421 3635 1498 3695 et
1525 3621 1761 3695 Turni
1797 3633 2071 3694 sortem
2110 3621 2557 3693 miserantur
2594 3620 2948 3718 iniquam.

1114 3761 1251 3833 His
1289 3760 1488 3832 aliud
1525 3758 1760 3857 majus
1793 3758 1841 3833 J
1846 3774 2124 3833 uturna
2156 3736 2521 3857 adjungit,
2568 3772 2647 3833 et
2680 3761 2835 3834 alto

966 3898 1123 3970 Dat
1161 3897 1459 3995 signum
1498 3897 1718 3987 coelo;
1778 3922 1927 3995 quo
1962 3920 2115 3971 non
2153 3895 2584 3996 praesentius
2618 3898 2854 3971 ullum

961 4034 1327 4109 Turbavit
1359 4046 1650 4107 mentes
1686 4034 1938 4126 Italas,
1984 4045 2461 4132 monstroque
2496 4033 2787 4109 fefellit.

964 4176 1316 4271 Namque
1355 4173 1608 4247 volans
1645 4172 1869 4246 rubra
1900 4172 2147 4247 fulvus
2181 4173 2226 4245 J
2233 4172 2389 4246 ovis
2424 4175 2573 4247 ales
2610 4173 2687 4248 in
2724 4174 2954 4247 aethra

962 4312 1330 4387 Littoreas
1367 4312 1702 4412 agitabat
1740 4335 1931 4402 aveS‚
1980 4309 2422 4409 turbamque
2456 4323 2851 4386 sonantem

961 4451 1308 4550 Agminis
1344 4450 1604 4550 aligeri
1623 4478 1643 4539 ;
1701 4447 1949 4522 subito
1983 4472 2213 4545 quum
2251 4450 2495 4545 lapsus
2530 4447 2623 4521 ad
2661 4448 2899 4525 undas

965 4590 1308 4688 Cycnum
1347 4590 1844 4664 excellentem
1881 4584 2194 4685 pedibus
2236 4584 2431 4683 rapit
2468 4586 2839 4703 improbus
2876 4585 3115 4661 uncis,
