3792 6234
938 1002 1071 1067 188
1786 991 2226 1068 AENEIS.
2813 1017 2880 1064 v.
2919 997 3087 1068 540.

927 1190 1299 1284 Immolat,
1346 1189 1790 1290 ingentique
1826 1190 2094 1264 umbra
2127 1189 2359 1291 tegit:
2415 1214 2623 1263 arma
2657 1189 2992 1263 Serestus

928 1329 1162 1403 Lecta
1195 1328 1426 1404 refert
1459 1329 1808 1422 humeris,
1855 1329 2016 1421 tibi,
2065 1355 2202 1404 rex
2239 1328 2595 1421 Gradive,
2643 1339 3024 1426 tropaeum.

928 1467 1368 1542 Instaurant
1403 1468 1621 1561 acieS,
1660 1469 1992 1542 Vulcani
2026 1469 2255 1566 stirpe
2291 1480 2586 1542 creatus

930 1603 1291 1699 CaeculuS,
1338 1619 1417 1680 et
1452 1607 1762 1680 veniens
1800 1607 2224 1681 Marsorum
2272 1605 2650 1679 montibus
2679 1605 2990 1680 Umbro,

926 1731 1402 1818 Dardanides
1441 1756 1706 1819 contra
1739 1743 1944 1819 furit.
2039 1745 2373 1818 Anxuris
2411 1769 2586 1818 ense
2623 1744 3022 1835 sinistram,

924 1881 1027 1957 Et
1062 1895 1306 1958 totum
1345 1885 1587 1983 clypei
1627 1882 1828 1958 ferro
1862 1883 2239 1981 dejecerat
2273 1881 2552 1956 orbem.

928 2021 1253 2096 Dixerat
1290 2021 1413 2096 ille
1448 2022 1729 2120 aliquid
1764 2047 2149 2122 magnum,
2194 2019 2496 2118 vimque
2533 2021 2763 2095 affore
2796 2018 3029 2094 verbo

932 2159 1398 2250 Crediderat,
1448 2161 1781 2258 coeloque
1818 2161 2153 2233 animum
2187 2159 2500 2234 fortasse
2533 2158 2846 2251 ferebat,

932 2297 1459 2397 Canitiemque
1503 2297 1642 2371 sibi
1679 2311 1756 2372 et
1788 2299 2053 2398 longos
2087 2299 2526 2396 promiserat
2561 2322 2816 2371 annos

928 2437 1329 2534 Tarquitus
1367 2438 1753 2511 exsultans
1789 2451 2056 2513 contra
2086 2437 2555 2538 fulgentibus
2594 2438 2835 2530 armi3‚

929 2576 1317 2675 Sylvicolae
1354 2575 1611 2650 Fauno
1639 2576 1948 2674 Dryope
1985 2602 2206 2675 quem
2245 2577 2606 2675 Nympha
2642 2588 2954 2669 crearat,

930 2712 1217 2787 Obvius
1256 2713 1551 2788 ardenti
1591 2739 1747 2787 sese
1784 2714 2095 2788 obtulit:
2156 2715 2278 2788 ille
2313 2716 2628 2790 reducta

934 2852 1279 2926 Loricam
1316 2853 1704 2952 clypeique
1742 2851 2012 2952 ingens
2049 2879 2235 2928 onus
2273 2855 2586 2954 impedit
2619 2857 2854 2930 hasta.

935 2991 1130 3065 Tum
1170 3001 1397 3088 caput
1432 2991 1715 3064 orantis
1752 2963 2281 3090 nequidquam,
2331 3007 2408 3067 et
2439 2995 2677 3068 multa
2714 2994 3044 3092 parantis

934 3129 1233 3220 Dicere,
1282 3128 1633 3203 deturbat
1670 3141 1922 3221 terrae3
1982 3144 2486 3230 truncumque
2527 3144 2914 3231 tepentem

935 3267 1408 3360 Provolvens‚
1456 3293 1679 3366 super
1712 3268 1869 3343 haec
1907 3269 2214 3344 inimico
2249 3247 2552 3368 pectore
2586 3268 2826 3344 fatur:

936 3405 1120 3479 Istic
1156 3432 1386 3498 nunc,
1433 3406 1862 3498 metuende,
1915 3406 2127 3504 jace:
2187 3432 2339 3481 non
2377 3421 2454 3482 te
2489 3409 2772 3506 optima
2807 3421 3048 3483 mater

939 3544 1239 3618 Condet
1275 3545 1503 3637 humi,
1551 3544 1886 3644 patriove
1925 3546 2268 3619 onerabit
2301 3545 2636 3619 membra
2677 3548 3057 3645 sepulcro:

937 3682 1263 3757 Alitibus
1300 3683 1640 3780 linquere
1676 3681 1891 3773 feris;
1955 3699 2086 3758 aut
2119 3685 2420 3784 gurgite
2462 3711 2790 3759 mersum

936 3821 1169 3896 Unda
1202 3819 1418 3914 feret,
1464 3821 1848 3920 piscesque
1887 3822 2183 3921 impasti
2217 3823 2531 3896 vulnera
2564 3823 2926 3897 lambent.

941 3959 1307 4033 Protenus
1344 3961 1695 4034 Antaeum
1734 3973 1811 4033 et
1847 3960 2153 4051 Lucam,
2203 3962 2440 4060 prima
2476 3961 2779 4062 agmina
2806 3961 3066 4053 Turni,

939 4097 1437 4196 Persequitur,
1484 4097 1905 4196 fortemque
1937 4100 2294 4193 Numam,
2337 4099 2777 4198 fulvumque
2809 4101 3113 4176 Camer—

1086 4251 1263 4330 tem,

942 4375 1441 4475 Magnanimo
1464 4376 1872 4450 Volscente
1908 4361 2174 4469 satum,
2219 4376 2622 4451 ditissimus
2659 4379 2820 4478 agri

942 4512 1097 4597 Qui
1136 4513 1283 4588 fuit
1316 4514 1809 4606 Ausonidum,
1858 4528 1936 4588 et
1972 4515 2222 4590 tacitis
2256 4501 2605 4616 regnavit
2638 4517 2992 4616 Amyclis,

941 4653 1247 4752 AEgaeon
1284 4653 1540 4752 qualiS‚
1592 4669 1900 4730 centum
1937 4654 2062 4730 cui
2097 4656 2404 4731 brachia
2440 4655 2708 4731 dicunt
