3792 6234
663 1002 932 1068 v.-152.
1125 1098 1130 1107 ἡ
1438 992 1830 1069 LIBER
1927 994 2062 1069 VI.
2730 1004 2827 1071 43

657 1190 832 1266 Duc
866 1190 1120 1291 nigras
1155 1189 1520 1289 pecudes;
1579 1215 1669 1266 ea
1701 1190 1943 1291 prima
1974 1190 2270 1291 piacula
2302 1204 2551 1269 sunto·

658 1328 775 1403 Sic
812 1328 1116 1402 demum
1151 1329 1358 1402 lucos
1393 1328 1710 1429 Stygios,
1757 1352 1999 1429 regna
2030 1329 2237 1405 invia
2270 1328 2480 1421 vivis,

655 1466 1064 1565 Adspicies.
1176 1466 1420 1559 Dixit,
1463 1490 1863 1566 pressoque
1900 1464 2281 1541 obmutuit
2314 1492 2465 1543 ore.

801 1604 1074 1678 AEneas
1112 1616 1365 1678 maesto
1401 1604 1692 1679 defixus
1725 1604 2016 1679 lumina
2052 1606 2265 1679 vultu

659 1741 1116 1842 Ingreditur,
1161 1742 1509 1841 linquens
1553 1753 1876 1835 antrum,
1924 1766 2307 1841 caecosque
2338 1744 2633 1819 volutat

653 1880 988 1955 Eventus
1025 1881 1277 1955 animo
1309 1904 1604 1955 secum:
1663 1880 1788 1955 cui
1821 1880 2015 1955 fidus
2050 1880 2380 1956 Achates

655 2018 730 2093 It
763 2042 1033 2110 comes,
1083 2031 1162 2092 et
1192 2017 1494 2117 paribus
1529 2019 1727 2093 curis
1764 2018 2087 2119 vestigia
2118 2020 2305 2121 figit.

653 2156 907 2233 Multa
939 2158 1142 2231 inter
1173 2180 1333 2231 sese
1367 2157 1574 2232 vario
1607 2180 1953 2232 sermone
1986 2157 2375 2232 serebant:

615 2300 620 2308 '
651 2294 901 2381 Quem
935 2295 1222 2370 socium
1249 2296 1678 2370 exanimem
1703 2307 1937 2387 vates,
1974 2294 2178 2395 quod
2206 2284 2474 2395 corpus
2504 2296 2824 2371 human-

800 2432 1005 2525 dum,

651 2572 984 2647 Diceret.
1093 2570 1347 2670 Atque
1383 2570 1490 2645 illi
1527 2570 1917 2646 Misenum
1955 2571 2033 2645 in
2070 2572 2325 2647 littore
2358 2571 2582 2665 sicco,

649 2709 760 2785 Ut
797 2732 1093 2803 venere,
1139 2709 1424 2802 vident,
1471 2709 1792 2810 indigna
1824 2720 2066 2784 morte
2098 2721 2567 2809 peremptum
2584 2737 2605 2802 ;

648 2848 1030 2923 Misenum
1065 2847 1432 2940 AEoliden,
1481 2872 1630 2946 quo
1665 2874 1818 2923 non
1857 2850 2327 2947 pmtantior
2360 2850 2553 2923 alter

649 2986 821 3059 AEre
856 2985 1056 3060 ciere
1093 2986 1310 3079 viros,
1360 2984 1842 3085 Martemque
1876 2985 2295 3061 accendere
2330 2998 2584 3061 cantu.

652 3122 1000 3199 Hectoris
1035 3124 1160 3199 hic
1193 3124 1454 3224 magni
1489 3122 1740 3199 fuerat
1773 3148 2062 3199 comes:
2121 3123 2457 3199 Hectora
2488 3124 2777 3199 circum

647 3258 745 3337 Et
779 3262 969 3336 lituo
1001 3284 1294 3361 pugnas
1329 3260 1645 3361 insignis
1679 3260 1940 3337 obibat
1978 3274 2057 3337 et
2087 3263 2323 3336 hasta.

649 3400 1050 3498 Postquam
1087 3400 1296 3474 illum
1330 3402 1490 3474 vita
1523 3400 1769 3474 victor
1800 3398 2149 3498 spoliavit
2182 3400 2535 3495 Achilles,

647 3538 1038 3613 Dardanio
1070 3538 1322 3613 AEneae
1355 3562 1516 3613 sese
1550 3535 1993 3613 fortissimus
2028 3538 2245 3613 heros

646 3676 1066 3751 Addiderat
1097 3675 1405 3769 socium,
1451 3701 1606 3751 non
1643 3673 2001 3751 inferiora
2032 3688 2353 3751 secutus.

647 3814 787 3889 Sed
823 3827 986 3890 tum
1021 3812 1220 3889 forte
1255 3835 1444 3889 cava
1477 3813 1660 3889 dum
1693 3825 2048 3915 personat
2083 3838 2379 3913 oequora
2410 3815 2725 3906 concha,

646 3953 1001 4045 DemenS,
1047 3966 1128 4027 et
1165 3965 1397 4027 cantu
1429 3964 1655 4028 vocat
1687 3952 1768 4027 in
1803 3952 2223 4027 certamina
2252 3950 2465 4027 divos
2481 3979 2502 4043 ;

644 4092 981 4167 AEmulus
1019 4104 1424 4191 exceptum
1448 4092 1716 4166 Triton
1759 4092 1858 4189 (si
1894 4090 2203 4166 credere
2238 4090 2558 4192 dignum
2592 4092 2743 4193 est)

645 4229 865 4304 Inter
893 4252 1079 4304 saxa
1111 4228 1356 4304 virum
1393 4252 1740 4329 spumosa
1773 4230 2240 4304 immerserat
2270 4228 2499 4303 unda.

642 4366 849 4467 Ergo
879 4390 1141 4442 omnes
1174 4389 1458 4468 magno
1491 4368 1778 4442 circum
1813 4368 2139 4443 clamore
2174 4364 2621 4459 fremebant,

647 4506 1022 4606 Praecipue
1057 4506 1222 4604 pius
1255 4506 1550 4581 AEneas.
1633 4507 1830 4581 Tum
1851 4504 2061 4605 jussa
2094 4503 2405 4603 Sibyllae,

646 4644 873 4720 Haud
906 4668 1136 4738 mora,
1179 4642 1548 4721 festinant
1579 4644 1882 4739 flentes3
1942 4668 2293 4742 aramque
2328 4640 2650 4743 sepulcri
