3792 6234
679 976 746 1025 v.
784 950 953 1024 356.
1450 946 1843 1022 LIBER
1941 946 2084 1025 IX.
2720 953 2856 1034 149

681 1148 937 1223 Multa
970 1146 1212 1221 virum
1248 1146 1485 1220 solido
1520 1157 1837 1246 argento
1873 1144 2214 1245 perfecta
2245 1145 2688 1244 relinquunt

678 1287 1080 1385 Armaque,
1129 1297 1604 1384 craterasque
1640 1286 1881 1377 simul,
1927 1286 2425 1385 pulchrosque
2457 1298 2772 1385 tapetas.

682 1425 1051 1525 Euryalus
1086 1425 1426 1524 phaleras
1463 1425 1904 1499 Rhamnetis
1942 1437 2020 1499 et
2055 1448 2283 1499 aurea
2315 1423 2536 1499 bullis

684 1564 1052 1665 Cingula;
1094 1562 1393 1638 Tiburti
1427 1556 1743 1638 Remulo
1779 1562 2186 1638 ditissimus
2221 1563 2400 1637 olim

684 1702 875 1789 Quae
910 1701 1145 1777 mittit
1178 1702 1401 1796 dona,
1445 1702 1767 1802 hospitio
1801 1727 2032 1801 quum
2061 1700 2428 1803 jungeret
2461 1701 2748 1795 absens,

686 1840 1027 1916 Caedicus
1047 1870 1067 1933 ;
1126 1842 1252 1915 ille
1287 1866 1421 1916 suo
1457 1841 1783 1916 moriens
1818 1840 1951 1915 dat
1987 1840 2262 1915 habere
2295 1841 2594 1941 nepoti:

684 1982 861 2055 Post
894 1994 1211 2055 mortem
1246 1979 1445 2054 bello
1478 1980 1741 2058 Rutuli
1776 2004 2182 2080 pugnaque
2217 1978 2458 2079 potiti.
2517 2020 2522 2027 ·

684 2121 868 2196 Haec
904 2120 1121 2220 rapit,
1162 2132 1387 2218 atque
1415 2120 1743 2195 humeris
1776 2120 2288 2218 nequidquam
2314 2118 2634 2195 fortibus
2667 2130 2898 2221 aptat.

682 2259 878 2335 Tum
913 2260 1209 2359 galeam
1245 2258 1575 2358 Messapi
1611 2257 1938 2333 habilem
1975 2259 2362 2357 cristisque
2400 2258 2749 2333 decoram

683 2396 971 2472 Induit.
1082 2396 1493 2473 Excedunt
1528 2396 1809 2489 castris,
1857 2408 1937 2497 et
1970 2407 2139 2471 tuta
2171 2409 2593 2495 capessunt.

838 2534 1145 2611 Interea
1180 2534 1530 2634 praemissi
1564 2534 1851 2633 equites
1889 2560 1987 2609 ex
2023 2535 2208 2610 urbe
2245 2534 2538 2629 Latina,

688 2674 967 2751 Cetera
998 2674 1195 2749 dum·
1219 2674 1420 2773 legio
1457 2674 1737 2773 campis
1774 2642 2147 2748 instructa
2180 2686 2534 2767 moratur,

687 2812 939 2906 Ibant,
986 2824 1065 2887 et
1096 2812 1355 2887 Turno
1391 2812 1588 2912 regis
1624 2836 1980 2912 responsa
2010 2811 2381 2905 ferebant,

686 2952 1171 3045 Tercentum,
1218 2952 1495 3025 scutati
1529 2975 1809 3043 omnes,
1848 2950 2260 3026 Volscente
2293 2951 2674 3052 magistro.

684 3091 1009 3191 Jamque
1045 3088 1652 3190 propinquabant
1690 3090 1972 3183 castriS‚
2017 3114 2416 3190 murosque
2447 3090 2822 3184 subibant,

690 3230 951 3317 Quum
986 3230 1250 3330 procul
1286 3230 1417 3303 hos
1454 3229 1638 3305 laevo
1674 3230 2067 3304 flectentes
2103 3229 2342 3305 limite
2379 3240 2744 3322 cernunt;

690 3369 789 3445 Et
826 3370 1045 3470 galea
1079 3368 1490 3468 Euryalum
1526 3366 1880 3442 sublustri
1916 3368 2160 3442 noctis
2196 3366 2275 3442 in
2312 3367 2580 3442 umbra

692 3506 1033 3583 Prodidit
1068 3506 1602 3599 immemorem,
1650 3506 2025 3604 radiisque
2061 3506 2372 3581 adversa
2403 3504 2716 3582 refulsit.

692 3646 922 3721 Haud
968 3660 1249 3720 temere
1298 3658 1411 3719 est
1444 3646 1709 3736 visum,
1757 3645 2186 3720 conclamat
2227 3644 2320 3719 ab
2357 3646 2662 3746 agmine
2689 3645 2870 3720 Vol-

840 3810 1093 3860 scens:

691 3926 918 4017 State,
965 3922 1144 4013 viri;
1204 3949 1365 4021 quae
1402 3948 1629 3998 causa
1660 3922 1845 3999 viae?
1896 3922 2120 4021 quive
2155 3922 2330 3998 estis
2363 3923 2444 3999 in
2483 3922 2751 3999 armis?

693 4063 962 4150 Quove
998 4063 1275 4137 tenetis
1311 4062 1497 4137 iter?
1568 4062 1786 4137 Nihil
1822 4060 1929 4136 illi
1963 4062 2278 4139 tendere
2313 4074 2620 4155 contra,

692 4202 835 4277 Sed
873 4202 1201 4275 celerare
1233 4199 1499 4301 fugam
1536 4201 1616 4276 in
1650 4201 1919 4300 sylvas,
1967 4213 2044 4276 et
2077 4200 2308 4277 fidere
2342 4202 2574 4277 nocti.

693 4338 1088 4439 Objiciunt
1124 4338 1411 4437 equites
1446 4363 1605 4414 sese
1642 4339 1739 4413 ad
1772 4339 2096 4435 divortia
2127 4351 2312 4417 nota

694 4477 902 4552 Hinc
930 4489 1155 4576 atque
1176 4477 1379 4571 hinc,
1394 4502 1845 4577 omnemque
1872 4476 2160 4552 abitum
2187 4476 2500 4553 custode
2523 4488 2911 4553 coronant.

694 4617 917 4717 Sylva
948 4616 1097 4693 fuit
1130 4617 1283 4693 late
1316 4616 1563 4693 dumis
1596 4627 1825 4716 atque
1859 4616 2032 4693 ilice
2067 4616 2288 4715 nigra
