3792 6234
918 1018 1013 1087 97
1774 1005 1865 1077 AE
1887 1005 1967 1079 N
1991 1005 2055 1079 E
2081 1006 2114 1077 I
2140 1005 2206 1079 S.
2793 1033 2861 1079 v.
2899 1018 3065 1091 792.

908 1205 1095 1290 Quae
1117 1202 1274 1303 jam
1310 1203 1475 1277 finis
1513 1204 1674 1295 erit,
1720 1202 2047 1302 conjux?
2099 1202 2279 1299 quid
2313 1203 2636 1301 denique
2671 1206 2949 1279 restat?

907 1344 1334 1444 Indigetem
1363 1344 1654 1417 AEnean
1692 1343 1834 1416 scis
1869 1343 2045 1443 ipsa,
2096 1357 2173 1416 et
2206 1344 2396 1416 scire
2427 1343 2707 1459 fateriS,

906 1482 1186 1557 Deberi
1223 1482 1427 1574 coe10‚
1474 1479 1792 1579 fatisque
1830 1482 1925 1555 ad
1960 1482 2201 1554 sidera
2237 1483 2420 1555 tolli.

904 1621 1108 1706 Quid
1145 1620 1410 1695 struis?
1464 1634 1596 1693 aut
1630 1645 1777 1716 qua
1810 1645 1937 1717 spe
1974 1619 2238 1719 gelidis
2278 1620 2354 1694 in
2391 1620 2716 1695 nubibus
2754 1623 3029 1697 haeres?

905 1759 1289 1833 Mortalin'
1327 1758 1584 1833 decuit
1620 1758 1879 1831 violari
1914 1759 2226 1831 vulnere
2262 1759 2516 1833 divum
2537 1789 2556 1850 3

902 1899 1061 1971 Aut
1095 1922 1349 1970 ensem
1390 1896 1603 1994 (quid
1642 1896 1841 1969 enim
1879 1896 2039 1968 sine
2078 1910 2154 1969 te
2188 1896 2235 1969 J
2243 1908 2521 1969 uturna
2552 1899 2921 1995 valeret?)

901 2037 1259 2133 Ereptum
1296 2020 1819 2126 reddi'TurnO,
1869 2047 1947 2107 et
1982 2034 2133 2108 vim
2171 2059 2506 2109 crescere
2541 2036 2805 2110 victis?

901 2174 1182 2248 Desine
1206 2172 1367 2271 jam
1402 2173 1730 2263 tandem,
1776 2172 2270 2271 precibusque
2304 2173 2689 2248 inflectere
2726 2175 3039 2265 nostris3

902 2313 1072 2385 Nec
1109 2324 1185 2385 te
1222 2324 1477 2385 tantus
1516 2310 1689 2384 edat
1724 2310 2035 2383 tacitam
2075 2310 2320 2401 dolor;
2382 2325 2459 2385 et
2491 2312 2674 2384 mihi
2711 2337 2908 2385 curae

858 2501 862 2507 -
898 2452 1098 2547 Saepe
1135 2462 1266 2523 tuo
1301 2449 1505 2522 dulci
1546 2449 1793 2522 tristes
1831 2474 1928 2522 ex
1965 2472 2092 2521 ore
2127 2463 2533 2524 recursent.
2652 2449 2659 2456 ’

898 2589 1234 2661 Ventum
1273 2588 1367 2660 ad
1402 2610 1827 2684 supremum
1867 2600 2002 2659 est.
2083 2587 2330 2660 Terris
2366 2590 2650 2687 agitare
2690 2590 2808 2664 vel
2845 2589 3065 2663 undis

894 2727 960 2799 T
962 2724 1251 2822 rojanos
1292 2724 1617 2822 potuisti,
1668 2723 2060 2797 infandum
2105 2727 2520 2800 accendere
2556 2729 2857 2819 bellum,

899 2862 1341 2937 Deformare
1379 2862 1706 2952 domum,
1757 2876 1833 2935 et
1869 2864 2083 2936 luctu
2122 2863 2434 2938 miscere
2471 2867 2933 2963 hymenaeos:

899 3000 1230 3076 Ulterius
1264 3013 1560 3073 tentare
1597 3014 1789 3073 veto.
1903 3001 2021 3073 Sic
2054 3001 2102 3074 J
2111 3004 2405 3100 uppiter
2440 3028 2684 3079 orsus:

898 3143 1016 3213 Sic
1053 3140 1197 3213 dea
1236 3138 1597 3211 submisso
1635 3151 1898 3211 contra
1934 3139 2280 3213 Saturnia
2313 3143 2565 3218 vultu:
2596 3237 2602 3244 ⁵

900 3278 1054 3351 Ista
1087 3277 1388 3376 quidem
1425 3276 1601 3374 quia
1635 3287 1814 3348 nota
1849 3276 2034 3348 mihi
2072 3289 2223 3369 tua,
2268 3304 2563 3379 magne,
2609 3282 2978 3375 voluntaS,

894 3417 943 3490 J
951 3418 1264 3516 uppiter,
1312 3429 1389 3490 et
1415 3416 1753 3489 Turnum
1796 3429 1872 3489 et
1911 3429 2144 3489 terras
2182 3416 2420 3492 in-vita
2454 3419 2739 3518 reliqui.

900 3558 1070 3630 Nec
1109 3569 1192 3629 tu
1228 3582 1350 3629 me
1387 3555 1586 3628 aeria
1620 3554 1849 3627 solam
1886 3580 2094 3629 nunc
2130 3556 2306 3629 sede
2339 3556 2628 3632 videres

894 3695 1175 3793 Digna,
1217 3694 1555 3792 indigna,
1603 3692 1756 3790 pati
1776 3721 1796 3782 ;
1852 3693 1983 3766 sed
2020 3695 2332 3768 flammis
2369 3697 2623 3772 cincta
2656 3700 2792 3773 sub
2828 3700 3063 3798 ipsam

895 3833 1182 3906 Starem
1209 3830 1467 3922 aciem,
1495 3832 2015 3930 traheremque
2042 3831 2345 3906 inimica
2369 3834 2447 3907 in
2471 3838 2727 3934 proelia
2739 3838 3093 3913 Teucros,

893 3971 940 4045 J
953 3983 1298 4043 utumam
1341 3967 1630 4059 misem,
1674 3968 1937 4061 fateor,
1983 3995 2417 4046 succurrere
2452 3971 2667 4048 fratri

897 4106 1121 4197 Suasi,
1172 4120 1250 4180 et
1285 4130 1417 4202 pro
1452 4104 1609 4178 vita
1642 4105 1922 4205 majora
1956 4107 2230 4181 audere
2267 4110 2571 4208 probavi
2590 4141 2609 4202 3

901 4249 1078 4321 Non
1115 4258 1202 4318 ut
1238 4245 1390 4318 tela
1425 4260 1699 4338 tamen,
1747 4271 1901 4318 non
1939 4259 2025 4318 ut
2063 4248 2560 4323 contenderet
2595 4276 2890 4327 arcum:

897 4383 1181 4483 Adjuro
1216 4383 1453 4481 Stygii
1496 4395 1721 4481 caput
1758 4383 2225 4481 implacabile
2260 4385 2512 4479 fontiS,

897 4525 1069 4597 Una
1104 4521 1529 4621 superstitio
1565 4522 1842 4620 superis
1876 4548 2037 4619 quae
2074 4524 2369 4599 reddita
2403 4526 2611 4600 divis.

897 4661 993 4735 Et
1030 4685 1235 4734 nunc
1276 4660 1462 4734 cedo
1501 4659 1866 4758 equidem,
1914 4687 2353 4761 pugnasque
2390 4689 2617 4738 exosa
2652 4667 3011 4765 relinquo·
