3792 6234
924 920 1017 993 36
1777 920 1868 993 AE
1892 920 1971 993 N
1995 918 2059 991 E
2084 918 2118 990 I
2147 918 2212 991 S.
2797 944 2866 993 V.
2909 929 3072 999 332.

919 1116 1143 1189 Fama
1177 1116 1379 1207 loco;
1438 1141 1587 1191 neu
1624 1116 2018 1191 connubiis
2055 1114 2338 1191 ambire
2375 1115 2730 1191 Latinum

912 1254 1262 1329 AEneadae
1295 1254 1597 1353 possint,
1646 1255 1971 1329 Italosve
2002 1256 2344 1330 obsidere
2377 1258 2581 1332 fines.

910 1393 1031 1467 Tu
1061 1405 1271 1490 potes
1310 1391 1701 1467 unanimos
1737 1418 2024 1471 armare
2063 1392 2141 1467 in
2175 1394 2432 1492 proelia
2461 1392 2751 1487 fratreS,

908 1531 1161 1627 Atque
1196 1530 1383 1605 odiis
1419 1556 1711 1605 versare
1746 1532 2044 1607 domos:
2101 1543 2189 1606 tu
2221 1533 2533 1608 verbera
2568 1533 2790 1609 tectis

908 1668 1427 1766 Funereasque
1463 1667 1737 1745 inferre
1774 1670 2018 1745 faces:
2075 1670 2214 1745 tibi
2248 1672 2558 1747 nomina
2591 1673 2818 1765 mille,

912 1808 1127 1881 Mille
1159 1808 1487 1885 nocendi
1522 1818 1753 1885 artes:
1808 1807 2225 1891 fecundum
2259 1824 2588 1887 concute
2623 1824 2906 1909 pectu3‚

908 1944 1191 2044 Disjice
1226 1946 1714 2045 compositam
1748 1972 2033 2046 pacem,
2079 1972 2242 2023 sere
2275 1948 2596 2023 crimina
2625 1950 2839 2024 belli:

904 2084 1137 2159 Arma
1170 2085 1373 2177 velit,
1421 2097 1823 2184 poscatque
1856 2085 2098 2179 simul,
2147 2086 2536 2185 rapiatque
2559 2086 2943 2184 juventus

1052 2223 1251 2297 Exin
1290 2224 1713 2323 Gorgoneis
1749 2224 2048 2299 Allecto
2085 2223 2372 2299 infecta
2403 2225 2714 2301 venenis

902 2361 1281 2461 Principio
1319 2361 1616 2437 Latium
1652 2373 1731 2437 et
1767 2362 2162 2437 Laurentis
2200 2373 2406 2437 tecta
2439 2364 2746 2463 tyranni

906 2501 1126 2576 Celsa
1160 2502 1370 2599 petit,
1418 2502 1883 2599 tacitumque
1919 2501 2212 2577 obsedit
2245 2502 2478 2578 limen
2511 2500 2836 2579 Amatae:

902 2638 1151 2725 Quam
1188 2664 1411 2737 super
1445 2638 1774 2714 adventu
1796 2641 2192 2733 Teucrum,
2225 2640 2610 2739 Turnique
2638 2644 3060 2740 hymenaeiS,

902 2777 1269 2852 Femineae
1307 2776 1697 2852 ardentem
1736 2803 2078 2875 curaeque
2113 2779 2382 2876 iraeque
2420 2779 2874 2877 coquebant.·

901 2915 1104 2989 Huic
1141 2915 1283 2989 dea
1320 2915 1649 2992 caeruleis
1684 2942 1922 2990 unum
1957 2916 2052 2989 de
2089 2916 2419 2991 crinibus
2456 2941 2782 3016 anguem

899 3051 1256 3151 Conjicit,
1300 3054 1527 3151 inque
1564 3053 1810 3129 sinum
1844 3054 2252 3152 praecordia
2287 3055 2382 3128 ad
2420 3054 2688 3129 intima
2721 3056 2994 3150 subdit,

896 3191 1075 3277 Quo
1108 3191 1517 3267 furibunda
1552 3192 1858 3267 domum
1894 3205 2230 3267 monstro
2258 3194 2703 3293 permisceat
2737 3219 3060 3273 omnem.

897 3329 1037 3403 Ille
1076 3329 1275 3403 inter
1306 3343 1549 3405 vestes
1586 3331 1894 3441 etlevia
1931 3345 2239 3430 pectora
2273 3332 2516 3430 lapsus

892 3467 1249 3542 Volvitur
1284 3480 1576 3543 attactu
1608 3470 1839 3561 nulle,
1884 3468 2226 3567 fallitque
2259 3468 2658 3559 fluentem,

895 3605 1293 3703 Vipeream
1333 3606 1697 3704 inspirans
1735 3606 2102 3681 animam:
2161 3609 2245 3681 fit
2280 3606 2531 3680 tortile
2565 3607 2758 3680 collo

893 3745 1187 3817 Aurum
1222 3744 1493 3843 ingens
1530 3744 1871 3836 coluber3
1929 3746 2016 3820 fit
2050 3746 2300 3845 longae
2328 3746 2552 3819 taenia
2583 3744 2808 3836 vittae,

897 3882 1385 3979 Innectitque
1423 3907 1691 3976 comas,
1741 3896 1816 3957 et
1850 3883 2200 3958 membris
2238 3883 2566 3959 lubricus
2603 3895 2820 3957 errat.

889 4021 1007 4093 Ac
1043 4019 1223 4093 dum
1258 4020 1497 4119 prima
1529 4021 1688 4094 lues
1722 4022 1873 4095 udo
1911 4021 2256 4121 sublapsa
2289 4046 2584 4097 veneno

892 4158 1286 4232 Pertentat
1318 4184 1594 4252 sensus,
1642 4172 1867 4258 atque
1902 4160 2184 4237 ossibus
2221 4161 2556 4260 implicat
2590 4162 2865 4260 ignem,

894 4296 1249 4371 Necdum
1287 4296 1577 4372 animus
1612 4310 1775 4373 toto
1810 4299 2146 4399 percepit
2179 4311 2484 4398 pectore
2521 4301 2916 4391 flammam,

895 4434 1223 4528 Mollius,
1269 4448 1345 4509 et
1380 4436 1597 4509 solito
1633 4449 1958 4511 matrum
1993 4437 2088 4512 de
2121 4464 2347 4531 more,
2396 4440 2652 4513 locuta
2686 4452 2818 4531 est,

892 4572 1145 4649 Multa
1178 4600 1399 4674 super
1429 4588 1609 4651 nata
1636 4576 2078 4675 lacrymam,
2113 4576 2602 4680 Phrygiisque
2631 4576 3076 4678 hymenaeis:
