3792 6234
646 1009 714 1058 v.
752 983 918 1064 607.
1451 983 1574 1058 LI
1603 984 1839 1058 BER
1940 985 2029 1059 V.
2724 998 2817 1060 25

646 1181 900 1255 Multa
933 1203 1263 1290 morene,
1302 1180 1632 1255 necdum
1667 1181 2063 1279 antiquum
2097 1189 2431 1256 saturata
2456 1181 2811 1264 dolorem.

644 1319 805 1412 Illa,
852 1319 1052 1394 viam
1089 1320 1426 1394 celerans
1461 1343 1594 1417 per
1623 1319 1830 1394 mille
1867 1319 2239 1393 coloribus
2276 1343 2558 1412 arcum,

641 1457 860 1531 Nulli
895 1456 1076 1548 visa,
1127 1455 1280 1530 cito
1315 1455 1651 1531 decurrit
1685 1457 1988 1531 tramite
2024 1457 2259 1556 virgo.

645 1594 1037 1693 Conspicit
1070 1594 1464 1694 ingentem
1504 1618 1975 1685 concursum,
2025 1607 2102 1668 et
2136 1595 2392 1669 littora
2425 1595 2715 1688 lustrat,

640 1731 1144 1830 Desertosque
1177 1730 1387 1806 videt
1419 1741 1676 1831 portus
1715 1732 2173 1830 classemque
2208 1733 2570 1808 relictam.

785 1871 894 1944 At
927 1872 1188 1969 procul
1223 1868 1302 1944 in
1337 1869 1496 1944 sola
1529 1883 1832 1946 secretae
1858 1871 2189 1946 Troades
2226 1884 2402 1946 acta

637 1983 1012 2082 Amissum
1047 2009 1438 2083 Anchisen
1471 2007 1778 2102 flebant,
1827 2021 2269 2107 cunctaeque
2304 2008 2763 2109 profundum

636 2146 965 2220 Pontum
1001 2145 1548 2245 adspectabant
1581 2145 1884 2221 flentes:
1945 2146 2156 2220 Heu!
2214 2159 2331 2220 tot
2357 2131 2557 2221 'vada
2591 2147 2801 2222 fessis

636 2283 737 2358 Et
767 2295 1070 2359 tantum
1107 2309 1488 2382 superesse
1523 2283 1785 2358 maris!
1843 2309 1995 2357 vox
2031 2284 2375 2387 omnihus
2412 2309 2585 2360 una.

637 2421 923 2497 Urbem
957 2434 1216 2512 orant3
1275 2421 1501 2532 taedet
1535 2420 1785 2520 pelagi
1819 2419 2153 2522 perferre
2188 2421 2542 2496 laborem.

636 2559 839 2660 Ergo
871 2561 1074 2634 inter
1105 2559 1388 2634 medias
1422 2584 1604 2650 sese,
1649 2557 1854 2632 haud
1889 2559 2159 2658 ignara
2193 2559 2543 2652 nocendi,

637 2697 988 2798 Conjicit‚
1036 2711 1116 2772 et
1146 2697 1570 2796 faciemque
1603 2697 1764 2772 deae
1797 2708 2233 2796 vestemque
2266 2697 2585 2796 reponit.

635 2835 752 2910 Fit
789 2837 1045 2928 Beroe,
1090 2836 1372 2910 Tmarii
1409 2833 1692 2933 conjux
1728 2835 2070 2935 longaeva
2106 2835 2441 2934 Dorycli,

637 2974 781 3050 Cui
815 3000 1080 3075 genus,
1131 2986 1207 3049 et
1243 2974 1622 3072 quondam
1659 2997 1959 3064 nomen,
2008 2973 2317 3071 natique
2351 2973 2707 3066 fuissent3

631 3113 747 3188 Ac
781 3114 888 3188 sic
924 3112 1446 3188 Dardanidum
1481 3111 1810 3188 mediam
1844 3136 1925 3185 se
1960 3110 2320 3185 matribus
2357 3111 2627 3188 infert:

633 3251 704 3326 Ο
735 3251 1039 3345 miserae,
1086 3275 1268 3350 quas
1303 3275 1458 3324 non
1493 3274 1782 3341 manus,
1831 3248 2099 3346 inquit,
2146 3250 2484 3324 Achaica
2516 3250 2715 3326 bello

630 3391 980 3466 Traxerit
1014 3391 1112 3464 ad
1144 3391 1404 3480 letum,
1449 3389 1708 3488 patriae
1741 3385 1880 3460 sub
1914 3386 2317 3460 moenibus!
2374 3411 2421 3461 o
2455 3413 2643 3488 gens

633 3527 936 3620 Infelix,
983 3526 1108 3602 cui
1144 3539 1222 3602 te
1259 3527 1495 3601 exitio
1527 3524 1836 3600 fortuna
1869 3527 2238 3600 reservat!
2358 3541 2361 3546 ·

631 3665 958 3764 Septima
993 3677 1160 3764 post
1193 3665 1262 3738 T
1261 3660 1433 3762 rojae
1469 3661 1852 3738 excidium
1874 3661 2039 3761 jam
2074 3663 2397 3738 vertitur
2430 3676 2661 3758 aestas,

633 3803 890 3890 Quum
923 3803 1139 3895 freta,
1175 3827 1410 3900 quum
1444 3814 1680 3876 terras
1709 3825 1992 3893 omneS,
2034 3812 2147 3874 tot
2179 3801 2554 3900 inhospita
2586 3827 2791 3897 saxa,

631 3941 1052 4038 Sideraque,
1093 3964 1410 4014 emensae
1437 3938 1786 4030 ferimur3
1829 3938 2011 4013 dum
2039 3963 2173 4038 per
2198 3965 2403 4014 mare
2434 3965 2799 4042 magnum

632 4077 928 4153 Italiam
963 4078 1346 4176 sequimur
1373 4076 1820 4178 fugientem,
1867 4087 1947 4150 et
1983 4077 2353 4152 volvimur
2387 4079 2629 4154 undis.

632 4217 777 4292 Hic
811 4216 1076 4314 Erycis
1109 4217 1294 4290 fines
1327 4214 1665 4307 fraterni,
1711 4226 1939 4313 atque
1973 4215 2237 4314 hospes
2272 4215 2623 4291 Acestes:

630 4355 836 4442 Quid
871 4354 1218 4454 prohibet
1251 4379 1501 4428 muros
1523 4353 1802 4452 jacere,
1845 4365 1923 4428 et
1950 4353 2129 4429 dare
2166 4355 2453 4430 civibus
2490 4356 2795 4432 urbem?

628 4493 699 4567 O
734 4493 1010 4593 patria!
1068 4505 1146 4568 et
1179 4492 1374 4591 rapti
1407 4490 1919 4591 nequidquam
1954 4517 2053 4566 ex
2086 4493 2301 4568 hoste
2333 4492 2691 4569 Penates!

629 4631 960 4708 Nullane
982 4630 1144 4730 jam
1174 4627 1413 4731 Trojae
1447 4631 1800 4706 dicentur
1833 4630 2150 4706 moenia?
2200 4657 2569 4731 nusquam

779 4781 810 4820 2
2422 4771 2462 4819 E

3719 0 3756 142 *4⁸1
