3792 6234
678 1017 749 1067 v.
786 987 955 1066 462.
1476 991 1863 1068 LIBER
1961 993 2060 1070 X.
2715 1003 2846 1070 185

678 1190 1214 1288 Victoremque
1246 1187 1500 1266 ferant
1532 1191 1930 1266 morientia
1961 1191 2248 1268 lumina
2273 1193 2532 1266 Turni.

678 1327 945 1402 Audiit
978 1327 1281 1402 Alcides
1302 1325 1685 1428 juvenem,
1732 1355 2240 1431 magnumque
2275 1331 2413 1405 sub
2451 1333 2602 1406 imo

617 1521 624 1527 -
681 1466 931 1542 Corde
964 1466 1235 1565 premit
1266 1467 1654 1568 gemitum,
1698 1469 2216 1568 lacrymasque
2251 1469 2520 1543 effudit
2554 1471 2836 1544 inanes·

675 1603 873 1679 Tum
908 1604 1210 1704 genitor
1242 1617 1505 1682 natum
1540 1607 1761 1681 dictis
1798 1608 2074 1683 affatur
2107 1607 2402 1682 amicis:

676 1743 842 1818 Stat
872 1769 1007 1818 sua
1041 1745 1311 1844 cuique
1344 1745 1524 1838 dies,
1571 1744 1799 1820 breve
1836 1759 1914 1820 et
1949 1747 2426 1846 irreparabile
2461 1759 2752 1846 tempus

677 1851 1048 1956 Omnibus
1083 1895 1197 1956 est
1229 1881 1437 1973 vitae3
1496 1883 1627 1956 sed
1662 1882 1942 1957 famam
1979 1883 2392 1958 extendere
2427 1882 2668 1978 factiS,

677 2019 848 2093 Hoc
882 2022 1178 2095 virtutis
1214 2046 1417 2119 opus.
1509 2021 1746 2120 Trojae
1780 2022 1919 2096 sub
1953 2022 2321 2098 moenibus
2357 2024 2526 2097 altis

672 2157 821 2232 Tot
855 2159 1014 2232 nati
1054 2158 1395 2234 cecidere
1432 2159 1693 2251 defim3
1752 2162 1934 2258 quin
1972 2162 2254 2236 occidit
2291 2187 2444 2236 una

674 2295 1075 2396 Sarpedon,
1119 2323 1289 2372 mea
1322 2298 1755 2398 progenies:
1814 2299 2044 2374 etiam
2077 2325 2212 2374 sua
2238 2301 2580 2375 Turnum

673 2434 859 2508 Fata
892 2448 1191 2528 vocant,
1237 2449 1620 2536 metasque
1656 2437 1813 2512 dati
1848 2438 2195 2537 pervenit
2230 2439 2326 2512 ad
2362 2439 2518 2514 aevi.

658 2574 793 2649 'Sic
832 2574 957 2667 ait,
1004 2588 1229 2674 atque
1263 2577 1516 2651 oculos
1554 2577 2005 2652 Rutulorum
2049 2577 2294 2676 rejicit
2329 2579 2542 2653 arvis!

818 2714 925 2787 At
960 2713 1199 2786 Pallas
1236 2715 1530 2813 magnis
1567 2716 1845 2790 emittit
1880 2717 2158 2791 viribus
2194 2718 2506 2810 hastam,

669 2849 1119 2951 Vaginaque
1156 2877 1343 2926 cava
1374 2852 1797 2953 fulgentem
1834 2854 2107 2953 deripit
2142 2881 2418 2931 ensem.

671 2990 816 3064 Illa
848 2992 1127 3084 volans,
1175 2991 1505 3066 humeris
1539 3005 1861 3094 surgunt
1894 3019 2045 3091 qua
2077 2995 2419 3094 tegmina
2454 3022 2762 3090 summa,

669 3130 992 3221 Incidit;
1052 3143 1297 3229 atque,
1344 3131 1543 3205 viam
1581 3131 1827 3230 clypei
1864 3131 2124 3205 molita
2157 3158 2292 3231 per
2326 3158 2510 3226 oras,

665 3268 1007 3344 Tandem
1044 3271 1271 3344 etiam
1308 3294 1587 3369 magno
1622 3269 1932 3343 strinxit
1966 3270 2059 3343 de
2097 3295 2406 3369 corpore
2433 3273 2692 3347 Turni.

670 3407 815 3481 Hic
844 3409 1143 3483 Turnus
1176 3406 1379 3481 ferro
1414 3408 1799 3506 praefixum
1836 3408 2066 3483 robur
2101 3421 2327 3482 acuto

670 3545 764 3618 In
800 3546 1143 3620 Pallanta
1178 3546 1309 3618 diu
1343 3545 1621 3618 librans
1644 3542 1858 3644 jacit,
1907 3558 2132 3645 atque
2169 3546 2276 3620 ita
2308 3547 2548 3624 fatur:

665 3683 993 3783 Adspice
1028 3710 1214 3758 num
1251 3708 1473 3784 mage
1506 3683 1603 3758 sit
1635 3697 1976 3759 nostrum
2012 3687 2474 3784 penetrabile
2508 3689 2766 3762 telum.

668 3821 1030 3895 Dixerat:
1090 3834 1169 3894 at
1206 3823 1575 3921 clypeum,
1622 3835 1741 3896 tot
1772 3821 1952 3898 ferri
1988 3835 2224 3924 terga,
2271 3838 2387 3899 tot
2419 3827 2598 3919 aeriS,
2643 3855 2662 3870 ·

669 3960 918 4046 Quem
952 3962 1165 4058 pellis
1199 3961 1423 4035 toties
1458 3960 1683 4036 obeat
1719 3961 2186 4036 circumdata
2219 3964 2438 4056 tauri,

664 4097 1017 4173 Vibranti
1053 4099 1383 4173 medium
1421 4100 1665 4206 cuspis
1703 4099 2259 4175 transverberat
2293 4103 2475 4195 ictu,

667 4237 1095 4334 Loricaeque
1129 4261 1372 4310 moras
1409 4251 1486 4311 et
1520 4252 1781 4337 pectus
1816 4238 2149 4338 perforat
2184 4240 2474 4340 ingens,

668 4376 807 4451 Ille
843 4375 1039 4474 rapit
1074 4373 1400 4449 calidum
1438 4374 1719 4452 frustra
1752 4377 1846 4451 de
1880 4379 2192 4452 vulnere
2229 4381 2502 4471 telum3

664 4515 842 4590 Una
878 4513 1289 4610 eademque
1324 4513 1447 4586 via
1479 4514 1783 4614 sanguis
1818 4503 2260 4613 animusque
2295 4529 2732 4615 sequuntur.

670 4652 976 4729 Corruit
1010 4653 1089 4726 in
1128 4652 1399 4726 vulnus
1418 4679 1437 4742 3
1497 4651 1825 4728 sonitum
1860 4679 2082 4753 super
2115 4677 2321 4727 arma
2354 4655 2667 4747 dedere3

818 4808 848 4846 α
1432 4789 1439 4798 ’
2503 4808 2535 4847 2
2556 4801 2594 4848 B
