3792 6234
1455 1368 1887 1452 LIBER
1996 1370 2183 1451 VII.

733 1653 854 1726 Tu
893 1678 1186 1751 quoque
1221 1652 1598 1729 littoribus
1631 1655 1924 1748 nostriS‚
1969 1656 2233 1729 AEnei'a
2265 1632 2549 1746 nutrix,

603 1870 610 1877 ,
735 1790 1119 1865 AEternam
1161 1792 1486 1866 moriens
1520 1791 1817 1884 famam',
1863 1792 2147 1884 Caieta,
2194 1791 2503 1865 dedisti:

733 1926 835 2001 Et
868 1953 1076 2001 nunc
1111 1940 1358 2003 servat
1391 1929 1626 2003 honos
1663 1928 1919 2004 sedem
1949 1942 2123 2002 tuus
2141 1958 2160 2019 ;
2221 1953 2529 2025 ossaque
2564 1950 2843 2001 nomen

735 2064 1098 2164 Hesperia
1131 2066 1210 2139 in
1247 2090 1544 2165 magna,
1591 2066 1653 2139 si
1689 2090 1836 2164 qua
1871 2078 1983 2139 est
2018 2090 2109 2139 ea
2141 2065 2399 2165 gloria,
2444 2064 2716 2165 signat.

730 2201 836 2275 At
867 2201 1031 2300 pius
1069 2204 1438 2300 exsequiis
1471 2204 1742 2277 AEneas
1777 2203 1921 2277 rite
1956 2203 2236 2293 solutiS,

733 2340 1037 2440 Aggere
1074 2340 1487 2440 composito
1521 2340 1814 2432 tumuli,
1863 2346 2253 2439 postquam
2288 2340 2443 2413 alta
2475 2338 2830 2436 quierunt

729 2478 1079 2576 AEquora,
1121 2476 1369 2551 tendit
1403 2477 1548 2551 iter
1581 2476 1782 2569 veliS‚
1831 2488 2277 2575 portumque
2321 2474 2696 2573 relinquit.

730 2615 1143 2714 Adspirant
1175 2640 1370 2689 aurae
1406 2614 1482 2688 in
1521 2628 1848 2706 noctem,
1893 2638 2041 2689 nec
2077 2612 2401 2687 candida
2436 2636 2693 2685 cursus

732 2751 951 2826 Luna
983 2764 1254 2851 negat3
1312 2732 1658 2849 splendet
1689 2751 2013 2827 tremulo
2047 2751 2183 2824 sub
2220 2750 2507 2825 lumine
2541 2762 2835 2849 pontus».

733 2889 1085 2965 Proxima
1122 2889 1422 2963 Circaeae
1469 2888 1838 2964 raduntur
1870 2884 2125 2963 littora
2160 2897 2395 2978 terrae,
2838 2860 2873 2887 ”

731 3026 962 3101 Dives
1000 3027 1418 3101 inaccessos
1453 3026 1583 3099 ubi
1619 3026 1800 3102 Solis
1839 3026 1991 3100 filia
2026 3010 2234 3099 lucos

727 3165 1048 3240 Assiduo
1083 3176 1385 3238 resonat
1420 3174 1674 3255 cantu,
1720 3162 2090 3261 tectisque
2124 3162 2457 3261 superbis

728 3304 904 3379 Urit
937 3302 1324 3377 odoratam
1359 3311 1736 3379 nocturna
1770 3300 1850 3373 in
1887 3286 2177 3377 lurnina
2213 3300 2543 3390 cedrum,

726 3442 1023 3540 Arguto
1051 3452 1326 3514 ’tenues
1360 3462 1802 3537 percurrens
1841 3436 2142 3536 pectine
2178 3437 2382 3511 telas,

731 3578 938 3653 Hinc
975 3576 1315 3651 exaudiri
1351 3576 1676 3676 gemitus
1711 3576 1981 3673 iraeque
2013 3576 2321 3648 leonum

728 3715 1006 3790 Vincla
1037 3726 1522 3789 recusantum
1559 3723 1639 3786 et
1673 3736 1837 3788 sera
1873 3712 2010 3787 sub
2047 3725 2275 3786 nocte
2310 3710 2753 3802 rudentum3

728 3853 1206 3951 Saetigerique
1242 3876 1430 3943 sues,
1477 3864 1702 3948 atque
1739 3850 1822 3924 in
1853 3850 2305 3952 praesepibus
2341 3849 2492 3923 ursi

728 3992 1013 4081 Saevire,
1061 4016 1152 4064 ac
1189 3975 1443 4063 formae
1477 4014 1925 4088 magnorum
1959 3988 2247 4075 ululare
2282 3970 2629 4085 luporurn
2644 4015 2665 4077 ;

731 4130 940 4214 Quos
976 4126 1366 4201 hominum
1403 4151 1498 4200 ex
1533 4126 1728 4201 facie
1759 4126 1910 4199 ‘dea
1943 4148 2133 4199 saeva
2166 4123 2599 4223 potentibus
2634 4124 2880 4199 herbis

725 4266 1091 4341 Induerat
1128 4262 1349 4337 Circe
1383 4262 1461 4336 in
1497 4263 1747 4335 vultus
1782 4287 1871 4337 ac
1910 4274 2127 4359 terga
2156 4230 2521 4335 ferarum}
2718 4256 2726 4264 ’

729 4403 920 4489 Quae
951 4426 1050 4475 ne
1083 4410 1420 4474 monstra
1449 4398 1554 4497 pii
1584 4410 2026 4497 paterentur
2059 4397 2239 4471 talia
2270 4398 2499 4472 Troes

727 4537 984 4615 Delati
1023 4539 1101 4611 in
1140 4550 1415 4636 portus»,
1461 4560 1613 4609 neu
1644 4536 1901 4609 littora
1937 4534 2099 4607 dira
2133 4535 2491 4627 subirent,

731 4678 1136 4778 Neptunus
1173 4672 1417 4749 ventis
1451 4672 1788 4771 implevit
1822 4668 1992 4747 vela
2024 4671 2393 4763 secundis,

881 4828 910 4866 2
2226 4815 2265 4861 1.
