3792 6234
759 1001 829 1052 v.
866 983 1036 1058 771.
1518 971 1908 1057 LIBER
2003 969 2183 1050 VII.
2798 983 2936 1052 103

764 1173 934 1274 Ipse
966 1183 1423 1272 repertorem
1457 1171 1851 1247 medicinae
1884 1171 2054 1245 talis
2089 1181 2167 1246 et
2202 1171 2382 1248 artis

761 1312 1103 1389 Fulmine
1139 1310 1676 1409 Phoebigenam
1710 1309 2006 1409 Stygias
2043 1310 2365 1386 detrusit
2397 1309 2493 1383 ad
2529 1310 2794 1386 undas.

760 1451 869 1524 At
899 1449 1153 1524 Trivia
1188 1449 1681 1548 Hippolytum
1714 1447 2024 1523 secretis
2065 1448 2264 1525 alma
2295 1449 2642 1524 recondit

763 1587 1095 1680 Sedibus,
1143 1598 1221 1662 et
1254 1586 1603 1685 nymphae
1636 1585 1926 1685 Egeriae
1959 1585 2396 1684 nemorique
2431 1587 2758 1686 relegat:

763 1726 971 1800 Solus
1006 1723 1135 1799 ubi
1174 1724 1253 1800 in
1288 1722 1513 1822 sylvis
1549 1721 1759 1799 Italis
1794 1722 2148 1824 ignobilis
2181 1749 2422 1798 aevum

763 1855 1147 1963 Exigeret,
1194 1885 1557 1960 versoque
1592 1859 1721 1935 ubi
1756 1861 2068 1936 nomine
2097 1861 2402 1936 Virbius
2437 1875 2652 1938 esset.

762 2001 991 2078 Unde
1026 2002 1255 2076 etiam
1288 2001 1569 2100 templo
1595 1999 1861 2076 Triviae
1896 2000 2232 2098 lucisque
2267 2001 2575 2076 sacratis

764 2138 1227 2239 Cornipedes
1262 2151 1622 2214 arcentur
1656 2137 1848 2236 equi,
1892 2138 2094 2236 quod
2130 2137 2380 2213 littore
2417 2163 2722 2216 currum

761 2277 863 2352 Et
882 2276 1245 2377 juvenem
1281 2278 1629 2352 monstris
1664 2276 1916 2376 pavidi
1952 2275 2284 2351 effudere
2319 2277 2652 2352 marinis·

759 2415 987 2491 Filius
1022 2416 1369 2490 ardentes
1404 2415 1605 2518 haud
1640 2415 1881 2489 secius
1917 2439 2210 2512 aequore
2247 2415 2492 2514 campi

760 2553 1189 2630 Exercebat
1222 2579 1471 2651 equos,
1520 2577 1893 2652 curruque
1930 2552 2010 2626 in
2045 2552 2248 2627 bella.
2277 2553 2566 2628 ruebat.

908 2693 1078 2792 Ipse
1111 2692 1313 2767 inter
1341 2691 1617 2791 primos
1652 2690 2034 2791 praestanti
2071 2715 2380 2791 corpore
2406 2691 2706 2768 Turnus

758 2831 1123 2924 Vertitur,
1172 2855 1381 2905 arma
1410 2845 1701 2923 tenens,
1750 2839 1829 2904 et
1860 2842 2026 2905 toto
2056 2830 2342 2904 vertice
2379 2855 2601 2929 supra
2635 2841 2768 2906 est.

762 2970 908 3044 Cui
943 2969 1220 3068 triplici
1256 2968 1531 3044 crinita
1551 2967 1741 3068 juba
1773 2969 1993 3068 galea
2029 2968 2182 3041 alta
2213 2966 2661 3044 Chimaeram

758 3109 1110 3202 Sustinet,
1155 3109 1479 3182 AEtnaeos
1514 3107 1890 3183 efflantem
1923 3105 2268 3182 faucibus
2305 3106 2558 3207 ignes:

755 3247 945 3320 Tam
978 3249 1219 3347 magis
1251 3247 1381 3321 illa
1411 3245 1741 3321 fremens
1778 3259 1857 3325 et
1888 3245 2226 3320 tristibus
2263 3245 2494 3320 effera
2527 3246 2861 3340 flammis,

757 3384 1011 3471 Quam
1046 3383 1285 3484 magis
1320 3384 1557 3459 effuso
1594 3385 2054 3459 crudescunt
2085 3384 2458 3485 sanguine
2489 3410 2782 3484 pugnae.

758 3523 863 3598 At
897 3524 1141 3598 levem
1176 3523 1522 3621 clypeum
1556 3521 1865 3596 sublatis
1903 3522 2254 3596 cornibus
2291 3522 2378 3595 Io

756 3661 965 3736 Auro
998 3660 1430 3762 insignibat,
1482 3659 1643 3760 jam
1678 3659 1869 3734 saetis
1905 3660 2166 3753 obsita,
2217 3658 2378 3759 jam
2412 3660 2566 3752 bos,

755 3799 1315 3899 Argumentum
1351 3798 1640 3899 ingemi,
1689 3811 1767 3874 et
1801 3811 2052 3873 custos
2087 3799 2398 3898 virginis
2433 3800 2703 3898 ArguS,

760 3935 1187 4034 Caelataque
1224 3960 1521 4011 amnem
1555 3935 1883 4010 fundens
1919 3949 2134 4035 pater
2169 3936 2498 4010 Inachus
2536 3962 2748 4010 urna.

758 4073 1190 4173 Insequitur
1222 4074 1523 4149 nimbus
1556 4073 1918 4176 peditum,
1966 4075 2458 4174 clypeataque
2493 4075 2670 4149 totis

754 4212 1089 4312 Agmina
1120 4211 1535 4288 densentur
1568 4210 1868 4311 campiS,
1915 4213 2349 4312 Argivaque
2385 4214 2637 4312 pubeS,

755 4350 1280 4450 Auruncaeque
1312 4375 1598 4442 manus,
1647 4350 1932 4444 Rutuli,
1975 4362 2414 4449 veteresque
2447 4351 2715 4444 Sicani,

756 4487 859 4562 Et
890 4488 1229 4566 Sacranae
1271 4487 1489 4579 acieS‚
1536 4500 1615 4562 et
1649 4487 1834 4588 picti
1870 4499 2088 4562 scuta
2124 4487 2424 4579 Labici3

758 4624 913 4711 Qui
948 4625 1199 4720 saltus,
1238 4625 1612 4719 Tiberine,
1657 4638 1846 4719 tuOS,
1894 4651 2336 4726 sacrumque
2374 4626 2686 4700 Numici
