3792 6234
902 995 1036 1062 102
1751 985 1843 1060 AE
1866 983 1946 1058 N
1971 981 2034 1058 E
2059 984 2096 1056 1
2121 984 2186 1058 S.
2777 1009 2843 1060 v.
2883 986 3050 1066 746.

888 1183 1195 1259 Venatu
1231 1203 1645 1274 nemorum,
1691 1180 1895 1256 duris
1929 1182 2324 1281 AEquicula
2356 1180 2632 1282 glebis:

887 1321 1181 1398 Armati
1214 1333 1492 1396 terram
1526 1332 1911 1412 exercent,
1958 1345 2396 1420 semperque
2431 1333 2774 1396 recentes

890 1459 1361 1537 Convectare
1383 1457 1607 1557 juvat
1638 1459 1941 1558 praedas,
1989 1470 2066 1533 et
2099 1459 2351 1534 vivere
2387 1471 2624 1556 rapto,

1037 1599 1245 1684 Quin
1284 1609 1359 1672 et
1396 1599 1787 1673 Marrubia
1818 1597 2032 1672 venit
2067 1597 2166 1671 de
2197 1607 2428 1698 gente
2463 1596 2828 1688 sacerdos,

888 1738 1181 1813 Fronde
1216 1762 1440 1836 super
1472 1739 1766 1838 galeam
1803 1749 1883 1812 et
1916 1736 2121 1812 felici
2158 1749 2499 1836 comptus
2537 1737 2752 1830 oliva,

884 1875 1249 1976 Archippi
1283 1875 1481 1976 regis
1516 1875 1765 1968 missu,
1808 1872 2250 1950 fortissimus
2279 1873 2608 1950 Umbro:

884 2015 1210 2114 Vipereo
1244 2015 1507 2114 generi
1542 2027 1621 2088 et
1654 2015 1988 2113 graviter
2020 2013 2472 2113 spirantibus
2506 2013 2763 2112 hydris

884 2153 1246 2252 Spargere
1280 2151 1411 2251 qui
1442 2177 1741 2226 somnos
1776 2163 2158 2250 cantuque
2189 2177 2570 2250 manuque
2603 2151 2912 2246 solebat,

802 2357 813 2366 .
886 2291 1426 2389 Mulcebatque
1462 2289 1627 2384 iras,
1677 2303 1753 2366 et
1787 2315 2074 2366 morsus
2111 2303 2272 2365 arte
2305 2291 2628 2368 levabat.

810 2473 822 2482 ·
884 2429 1028 2503 Sed
1063 2455 1216 2503 non
1254 2428 1659 2504 Dardaniae
1690 2428 2052 2503 medicari
2089 2429 2414 2528 cuspidis
2447 2431 2686 2504 ictum

882 2567 1221 2657 Evaluit3
1279 2592 1526 2665 neque
1564 2593 1733 2642 eum
1758 2565 2026 2665 juvere
2063 2569 2141 2642 in
2175 2570 2494 2644 vulnera
2529 2581 2799 2644 cantus

884 2704 1300 2797 Somniferi,
1348 2717 1425 2778 et
1463 2705 1734 2780 Marsis
1768 2705 2086 2803 quaesitae
2117 2705 2500 2780 montibus
2535 2706 2801 2782 herbae.

866 2842 992 2917 -Te
1026 2867 1291 2916 nemus
1325 2842 1729 2942 Anguitiae,
1774 2843 2018 2918 vitrea
2051 2855 2128 2918 te
2163 2843 2488 2920 Fucinus
2523 2845 2749 2937 unda,

882 2981 991 3056 Te
1026 2980 1290 3078 liquidi
1326 2981 1596 3056 flevere
1638 2981 1865 3056 lacus,

1031 3118 1204 3192 Ibat
1239 3131 1314 3193 et
1352 3118 1741 3218 Hippolyti
1774 3121 2018 3218 proles
2054 3120 2558 3218 pulcherrima
2593 3121 2789 3195 bello

882 3257 1187 3331 Virbius
1204 3286 1224 3350 ;
1286 3257 1661 3357 insignem
1697 3281 1922 3354 quem
1956 3271 2200 3332 mater
2225 3258 2482 3332 Aricia
2513 3259 2739 3351 misit,

881 3394 1263 3469 Eductum
1299 3394 1591 3495 Egeriae
1626 3395 1834 3487 luciS,
1880 3396 2277 3471 humentia
2313 3396 2599 3471 circum

883 3533 1193 3627 Littora,
1239 3535 1541 3634 pinguis
1575 3533 1706 3608 ubi
1743 3545 1820 3608 et
1854 3535 2238 3632 placabilis
2275 3559 2403 3608 ara
2435 3536 2724 3610 Dianae.

880 3673 1237 3771 Namque
1290 3672 1555 3748 ferunt
1606 3671 1811 3746 fama
1860 3671 2378 3772 Hippolytum,
2446 3686 2839 3774 postquam
2895 3687 3056 3751 arte

1026 3835 1367 3884 novercae

884 3947 1290 4039 Occiderit,
1338 3947 1761 4047 patriasque
1798 3949 2121 4049 explerit
2153 3949 2523 4049 sanguine
2557 3975 2808 4048 poenas

878 4086 946 4158 T
948 4085 1227 4159 urbatis
1264 4086 1667 4162 distractus
1704 4088 1932 4186 equiS,
1981 4087 2076 4162 ad
2111 4087 2354 4162 sidera
2386 4113 2638 4162 rursus

879 4223 1215 4298 AEtheria
1252 4235 1329 4298 et
1364 4249 1664 4324 superas
1700 4227 1865 4300 coeli
1901 4226 2192 4301 venisse
2235 4226 2373 4300 sub
2409 4252 2644 4321 auras,

882 4362 1191 4437 Paeoniis
1227 4376 1661 4439 revocatum
1699 4365 1946 4439 herbis
1983 4377 2060 4438 et
2095 4389 2348 4440 amore
2383 4366 2668 4442 Dianae.

877 4500 1071 4574 Tum
1102 4513 1317 4600 pater
1342 4503 1835 4603 omnipotenS,
1864 4489 2188 4602 aliquem
2217 4485 2655 4604 indignatus
2683 4505 2776 4581 ab
2801 4506 3080 4582 umbris

883 4639 1287 4714 Mortalem
1321 4639 1634 4716 infernis
1678 4640 1773 4715 ad
1810 4641 2097 4717 lumina
2129 4667 2437 4744 surgere
2469 4645 2662 4737 vitae,
