3792 6234
922 956 1059 1038 176
1424 891 1431 898 ⁶
1771 953 2210 1032 AENEIS.
2795 979 2866 1028 v.
2905 963 3074 1068 229.

910 1152 1075 1228 Nos
1110 1177 1362 1228 sumus
1398 1151 1611 1228 Idaeae
1646 1177 1858 1229 sacro
1891 1154 1988 1228 de
2021 1155 2306 1230 vertice
2343 1151 2584 1254 pinus,

910 1291 1146 1367 Nunc
1182 1291 1428 1393 pelagi
1468 1293 1862 1392 Nymphas,
1913 1293 2162 1367 classis
2194 1305 2348 1375 tua.
2453 1293 2788 1368 Perfidus
2823 1303 2912 1368 ut
2945 1317 3082 1370 nos

908 1429 1329 1530 Praecipites
1361 1431 1561 1506 ferro
1595 1431 1918 1506 Rutulus
1954 1433 2399 1530 flammaque
2432 1430 2843 1530 premebat,

910 1567 1271 1668 Rupimus
1306 1569 1559 1646 invitae
1594 1583 1729 1644 tua
1758 1570 2086 1662 vincula,
2133 1583 2360 1668 teque
2393 1595 2529 1670 per
2562 1594 2813 1668 aequor

908 1706 1351 1792 Quaerimus.
1446 1708 1669 1782 Hanc
1705 1709 2058 1808 genetrix
2091 1707 2366 1784 faciem
2399 1709 2750 1786 miserata
2783 1706 3070 1802 refecit,

908 1844 1009 1920 Et
1042 1845 1253 1920 dedit
1288 1871 1445 1920 esse
1480 1847 1681 1939 deas,
1725 1873 2113 1946 aevumque
2147 1848 2437 1948 agitare
2475 1847 2613 1922 sub
2649 1847 2894 1922 undis.

907 1984 1012 2060 At
1048 1984 1633 2092 puer-Ascanius
1668 2011 1883 2060 muro
1917 1985 2277 2086 fossisque
2313 1998 2622 2062 tenetur

904 2124 1090 2200 Tela
1122 2123 1322 2198 inter
1354 2125 1604 2200 media
1636 2137 1861 2223 atque
1886 2127 2284 2216 horrentes
2319 2140 2559 2200 marte
2597 2125 2926 2200 Latinos.

903 2261 955 2338 J
960 2289 1079 2337 am
1116 2264 1281 2338 loca
1300 2263 1509 2363 jussa
1541 2277 1811 2340 tenent
1844 2263 2024 2338 forti
2058 2266 2475 2364 permixtus
2513 2263 2832 2340 Etrusco

908 2401 1141 2476 Arcas
1180 2427 1443 2501 eques:
1502 2402 1784 2478 medias
1820 2401 1964 2477 illis
1999 2428 2376 2503 opponere
2411 2416 2720 2495 turmas,

908 2539 1035 2614 Ne
1072 2541 1329 2614 castris
1352 2539 1710 2641 jungant,
1756 2551 1968 2617 certa
2001 2555 2113 2616 est
2147 2542 2526 2618 sententia
2551 2542 2832 2616 Turno·

908 2679 1143 2778 Surge
1180 2704 1359 2778 age3
1419 2693 1497 2754 et
1530 2651 1799 2755 aurora
1830 2681 2068 2756 socios
2103 2681 2460 2756 veniente
2493 2682 2752 2755 vocari

909 2814 1197 2890 Primus
1238 2817 1315 2892 in
1354 2843 1561 2892 arma
1580 2817 1767 2918 jube
1786 2847 1807 2910 ;
1860 2832 1940 2893 et
1973 2821 2320 2919 clypeum
2359 2845 2566 2919 cape,
2612 2845 2837 2918 quem
2873 2819 3086 2894 dedit

1057 2955 1211 3056 ipse

911 3093 1295 3170 Invictum
1330 3095 1781 3195 ignipotenS,
1829 3109 2056 3195 atque
2092 3121 2256 3171 oras
2293 3095 2556 3172 ambiit
2593 3121 2796 3172 auro·

913 3234 1262 3308 Crastina
1295 3236 1453 3328 lux,
1494 3261 1667 3309 mea
1700 3236 1761 3308 si
1794 3260 1950 3310 non
1989 3235 2202 3310 irrita
2233 3235 2442 3310 dicta
2475 3236 2780 3334 putaris,

912 3371 1273 3471 Ingentes
1312 3373 1605 3448 Rutulae
1639 3373 2010 3472 spectabit
2045 3373 2264 3449 caedis
2301 3399 2630 3449 acervos.

912 3509 1271 3600 Dixerat3
1331 3525 1408 3586 et
1442 3511 1713 3586 dextra
1746 3511 2140 3586 discedens
2177 3512 2474 3612 impulit
2515 3514 2766 3604 altam,

915 3647 1142 3722 Haud
1179 3649 1446 3748 ignara
1476 3648 1701 3742 modi,
1747 3649 2095 3749 puppim:
2151 3649 2352 3750 fugit
2387 3651 2517 3724 illa
2549 3675 2684 3750 per
2720 3649 2958 3724 undas

915 3785 1147 3860 Ocior
1180 3798 1256 3860 et
1277 3785 1535 3885 jaculo
1572 3769 1649 3861 et
1686 3801 1950 3862 ventos
1985 3801 2328 3887 aequante
2365 3788 2662 3888 sagitta.

917 3924 1111 3998 Inde
1146 3924 1305 3999 aliae
1340 3926 1675 4000 celerant
1709 3950 1988 4002 cursus,
2099 3927 2364 4026 Stupet
2399 3927 2677 4001 inscius
2715 3927 2870 4025 ipse

914 4062 1099 4136 Tros
1134 4063 1662 4156 Anchisiades;
1722 4065 2008 4140 animos
2045 4078 2299 4140 tamen
2337 4064 2590 4140 omine
2624 4064 2842 4140 tollit.

915 4200 1111 4276 Tum
1138 4201 1484 4295 breviter,
1524 4227 1791 4302 supera
1826 4205 2270 4303 adspectans
2298 4229 2660 4298 convexa,
2699 4215 3086 4302 precatur:

1065 4341 1289 4414 Alma
1321 4365 1589 4439 parens
1626 4341 1827 4416 Idaea
1859 4342 2105 4434 deum,
2153 4343 2277 4417 cui
2313 4342 2704 4442 Dindyma
2737 4342 2967 4434 cordi,

917 4479 1484 4579 Turrigeraeque
1522 4479 1761 4573 urbes,
1809 4479 2194 4581 bijugique
2229 4481 2323 4554 ad
2359 4480 2578 4556 frena
2609 4482 2904 4571 leones3

920 4616 1038 4692 Tu
1072 4617 1254 4692 mihi
1288 4642 1495 4694 nunc
1531 4644 1806 4720 pugnae
1840 4619 2224 4720 princeps3
2281 4632 2370 4694 tu
2404 4619 2548 4696 rite
2581 4618 3030 4720 propinques
