3792 6234
677 952 744 1051 ν’.
783 984 950 1057 451.
1472 978 1862 1055 LIBER
1960 980 2053 1053 V.
2768 992 2855 1067 19

676 1177 1258 1275 AEquaevumque
1283 1175 1390 1269 ‚ab
1423 1176 1653 1252 humo
1687 1177 2047 1253 miserans
2085 1177 2365 1253 attollit
2398 1171 2745 1253 amicum.

677 1318 802 1409 At,
847 1341 1004 1391 non
1041 1314 1382 1391 tardatus
1421 1340 1600 1391 casu
1635 1340 1882 1414 neque
1919 1315 2247 1407 territuS,
2292 1316 2509 1391 heros

675 1454 946 1529 Acrior
981 1452 1075 1527 ad
1107 1478 1444 1555 pugnam
1481 1454 1698 1545 redit,
1745 1478 1836 1529 ac
1869 1452 2025 1527 vim
2061 1454 2375 1529 suscitat
2410 1454 2559 1545 ira;

673 1594 870 1667 Tum
905 1591 1147 1693 pudor
1179 1592 1524 1667 incendit
1555 1592 1775 1683 vireS,
1821 1604 1898 1666 et
1938 1592 2243 1667 conscia
2276 1592 2553 1667 virtus:

676 1730 1290 1831 Praecipitemque
1326 1730 1586 1805 Daren
1621 1729 1892 1805 ardens
1929 1731 2089 1829 agit
2122 1756 2416 1829 aequore
2450 1744 2633 1825 toto,

678 1868 914 1945 Nunc
947 1868 1224 1945 dextra
1257 1869 1735 1968 ingeminans
1769 1869 1986 1961 ictuS,
2034 1894 2245 1943 nunc
2282 1870 2407 1945 ille
2440 1868 2761 1945 sinistra.

677 2007 850 2083 Nec
879 2032 1109 2100 mora,
1151 2032 1296 2085 nec
1323 2007 1652 2106 requies:
1693 2032 1919 2105 quam
1944 2008 2191 2087 multa
2217 2006 2591 2107 grandine
2618 2010 2859 2083 nimbi

680 2146 1153 2222 Culminibus
1189 2146 1604 2245 crepitant3
1661 2145 1770 2219 sic
1804 2146 2057 2220 densis
2090 2144 2367 2221 ictibus
2402 2148 2616 2221 heros

679 2284 965 2359 Creber
995 2297 1314 2383 utraque
1357 2308 1588 2359 manu
1621 2284 1872 2383 pulsat
1906 2296 2301 2382 versatque
2340 2284 2647 2359 Dareta.

673 2424 870 2499 Tum
905 2438 1120 2523 pater
1151 2424 1424 2498 AEneas
1460 2404 1870 2521 procedere
1907 2422 2207 2523 longius
2244 2423 2387 2497 iras

675 2560 775 2637 Et
808 2562 1070 2637 saevire
1105 2558 1370 2635 animis
1405 2560 1794 2635 Entellum
1829 2560 2035 2635 haud
2068 2586 2325 2661 passus
2360 2560 2686 2637 acerbis:

677 2700 818 2775 Sed
854 2702 1082 2775 finem
1116 2700 1470 2799 imposuit
1504 2724 1798 2799 pugnae,
1844 2696 2271 2799 fessumque
2308 2699 2599 2774 Dareta

674 2838 991 2939 Eripuit,
1038 2840 1378 2914 mulcens
1411 2837 1634 2913 dictis
1653 2866 1674 2929 ;
1733 2862 1824 2911 ac
1859 2838 2043 2913 talia
2072 2837 2315 2913 fatur:

677 2976 998 3053 Infelix!
1053 3004 1216 3077 quae
1247 2988 1468 3053 tanta
1499 2978 1836 3053 animum
1871 2976 2266 3052 dementia
2294 2974 2531 3076 cepit!

675 3118 860 3193 Non
897 3118 1090 3193 vires
1125 3116 1326 3210 alias,
1375 3140 1884 3214 conversaque
1920 3116 2257 3221 numina,
2304 3114 2581 3189 sentis?

679 3256 888 3331 Cede
921 3255 1090 3330 de0.
1198 3252 1588 3353 Dixitque,
1636 3264 1716 3328 et
1745 3254 2007 3354 proelia
2036 3278 2225 3327 voce
2259 3253 2582 3328 diremit.

673 3396 816 3471 Ast
849 3395 1060 3469 illum
1093 3392 1224 3468 fidi
1259 3393 1596 3491 aequales,
1643 3416 1898 3493 genua
1930 3416 2131 3491 aegra
2162 3391 2613 3483 trahentem,

673 3534 1258 3632 ,laetantemque
1294 3544 1614 3630 utroque
1649 3543 1901 3631 caput,
1948 3554 2425 3630 crassumque
2461 3554 2805 3605 cruorem

675 3673 828 3748 Ore
865 3670 1318 3771 ejectantem
1353 3670 1780 3769 mixtosque
1809 3668 1891 3744 in
1928 3669 2301 3768 sanguine
2336 3668 2625 3761 dentes,

680 3812 1000 3887 Ducunt
1035 3808 1130 3883 ad
1165 3834 1432 3884 naves:
1489 3809 1937 3909 galeamque
1970 3830 2397 3905 ensemque,
2446 3806 2718 3899 vocati,

676 3951 1090 4050 Accipiunt
1107 3977 1128 4040 3
1186 3948 1510 4048 palmam
1547 3946 1850 4021 Entello
1883 3960 2335 4043 taurumque
2373 3942 2831 4043 relinquunt.

679 4090 826 4164 Hic
860 4090 1124 4181 victor,
1171 4110 1529 4187 superans
1565 4086 1854 4178 animis,
1902 4096 2269 4183 tauroque
2302 4083 2699 4185 superbus:

677 4228 885 4302 Nate
921 4227 1082 4319 dea,
1129 4250 1410 4325 vosque
1444 4226 1626 4319 haec,
1672 4224 1943 4323 inquit,
1990 4223 2447 4325 cognoscite,
2493 4222 2789 4315 Teucri,

679 4365 779 4439 Et
814 4366 998 4440 mihi
1033 4391 1196 4464 quae
1227 4363 1516 4439 fuerint
1535 4362 1880 4462 juvenali
1914 4363 1995 4437 in
2032 4386 2341 4461 corpore
2378 4362 2593 4453 vires,

677 4502 778 4577 Et
813 4528 961 4601 qua
995 4504 1302 4579 servetis
1337 4516 1774 4578 revocatum
1809 4526 1856 4575 a
1889 4512 2131 4575 morte
2166 4500 2475 4573 Dareta.

682 4640 922 4735 Dixit,
972 4654 1050 4718 et
1085 4641 1378 4718 adversi
1413 4654 1681 4719 contra
1712 4640 1928 4717 stetit
1958 4664 2091 4715 ora
2110 4637 2445 4738 juvenci,
