3792 6234
985 895 1117 962 142
1833 885 2266 960 AENEIS.
2857 911 2936 959 v.
3002 893 3196 965 178.

969 1085 1067 1159 Et
1087 1083 1315 1183 juxta
1350 1108 1596 1159 comes
1634 1084 2019 1183 EuryaluS‚
2066 1109 2214 1182 quo
2249 1083 2631 1181 pulchrior
2665 1083 2864 1156 alter

970 1224 1150 1297 Non
1184 1221 1332 1297 fuit
1366 1222 1804 1312 AEneadum‚
1842 1221 2166 1320 Trojana
2201 1247 2445 1319 neque
2483 1220 2735 1295 induit
2772 1246 2998 1295 arma
3018 1250 3046 1313 3

967 1361 1121 1436 Ora
1154 1388 1339 1462 puer
1372 1362 1609 1461 prima
1642 1361 1947 1460 signans
1984 1360 2284 1434 intonsa
2303 1358 2646 1458 juventa.

968 1500 1107 1574 His
1143 1525 1351 1573 amor
1385 1526 1575 1574 unus
1611 1511 1791 1592 erat,
1839 1498 2262 1598 pariterque
2296 1498 2376 1571 in
2412 1497 2611 1571 bella
2643 1497 2972 1571 ruebant
2987 1525 3021 1588 ‚-

962 1640 1154 1713 Tum
1191 1663 1485 1736 quoque
1522 1635 1904 1711 communi
1939 1647 2229 1735 portam
2265 1634 2586 1709 statione
2624 1634 3025 1708 tenebant.

965 1777 1194 1850 Nisus
1230 1776 1373 1850 ait:
1432 1774 1635 1849 Dine
1670 1775 1875 1848 hunc
1913 1774 2250 1848 ardorem
2285 1772 2663 1847 mentibus
2704 1773 3026 1865 addunt,

964 1913 1332 2012 Euryale?
1384 1938 1481 1987 an
1516 1938 1652 1986 sua
1686 1912 1955 2010 cuique
1991 1910 2173 1984 deus
2209 1912 2295 1985 fit
2329 1910 2493 1984 dira
2527 1909 2851 2008 cupido?

960 2054 1116 2127 Aut
1153 2020 1504 2151 pugnam,
1546 2064 1677 2125 aut
1710 2048 1989 2148 aliquid
2012 2048 2172 2147 jam
2203 2047 2489 2122 dudum
2524 2026 2887 2123 invadere
2924 2072 3163 2149 mag-

1108 2215 1315 2282 num,

960 2327 1182 2401 Mens
1221 2326 1460 2425 agitat
1494 2325 1675 2399 mihi
1695 2352 1714 2414 ;
1776 2348 1920 2397 nec
1956 2322 2250 2422 placida
2285 2335 2647 2397 contenta
2684 2322 2940 2421 quiete
2977 2336 3119 2399 est.

962 2463 1245 2554 Cernis,
1293 2490 1452 2560 quae
1488 2463 1802 2537 Rutulos
1838 2462 2114 2534 habeat
2146 2460 2422 2534 fiducia
2454 2485 2744 2535 rerum:

958 2601 1280 2674 Lumina
1315 2626 1483 2674 rara
1517 2601 1838 2689 micant3
1896 2623 2158 2673 somno
2195 2599 2518 2696 vinoque
2560 2600 2836 2698 sepulti

956 2737 1429 2811 Procubuere
1449 2766 1467 2827 3
1527 2739 1751 2811 silent
1786 2737 1935 2810 late
1970 2738 2154 2811 loca.
2268 2736 2578 2836 Percipe
2613 2761 2837 2835 porro

956 2872 1164 2956 Quid
1203 2872 1560 2964 dubitem,
1600 2887 1677 2947 et
1704 2900 1864 2971 quae
1900 2898 2107 2947 nunc
2145 2874 2394 2948 animo
2422 2876 2805 2949 sententia
2838 2893 3131 2978 surgat.

952 3009 1242 3082 AEnean
1281 3009 1507 3082 acciri
1543 3035 1821 3101 omne3‚
1868 3012 2329 3110 populusque
2365 3025 2783 3109 patresque,

953 3145 1417 3240 Exposcunt,
1464 3146 1811 3243 mittique
1848 3148 2045 3220 viros
2080 3148 2207 3245 qui
2244 3160 2453 3222 certa
2487 3162 2900 3248 reportent.

952 3280 1024 3355 Si
1065 3278 1199 3351 tibi
1235 3306 1395 3377 quae
1430 3305 1653 3378 posco
1690 3284 2161 3379 promittunt,
2208 3310 2384 3359 nam
2419 3286 2606 3360 mihi
2643 3286 2834 3362 facti

952 3418 1179 3492 Fama
1213 3429 1326 3490 sat
1361 3431 1491 3510 est,
1538 3420 1829 3492 tumulo
1862 3420 2122 3494 videor
2155 3424 2479 3520 reperire
2515 3426 2652 3499 sub
2692 3427 2820 3501 illo

951 3556 1173 3628 Posse
1208 3552 1405 3626 viam
1444 3554 1535 3627 ad
1570 3580 1817 3629 muros
1857 3572 1934 3630 et
1970 3559 2244 3633 moenia
2279 3560 2689 3639 Pallantea.

949 3689 1379 3787 Obstupuit,
1428 3717 1706 3790 magno
1742 3693 2053 3769 laudum
2085 3721 2475 3794 percussus
2511 3726 2784 3795 amore,

951 3827 1355 3925 Euryaluffi
1415 3830 1628 3901 simul
1666 3830 1780 3901 his
1816 3831 2206 3909 ardentem
2248 3838 2520 3913 affatur
2556 3842 2922 3919 amicum:

955 3969 1183 4041 Mene
1223 3965 1452 4061 igitur
1484 3969 1764 4041 socium
1804 3973 2108 4045 summis
2144 3973 2556 4074 adjungere
2596 3981 2836 4073 rebus,

955 4105 1155 4193 Nise,
1203 4101 1443 4201 fugis?
1500 4109 1732 4177 solum
1772 4121 1844 4181 te
1884 4109 1960 4181 in
2000 4125 2216 4181 tanta.
2252 4113 2584 4209 pericula
2624 4121 2970 4194 mittam?

951 4249 1123 4317 Nm]
1167 4245 1271 4313 ita.
1307 4269 1423 4313 me
1460 4245 1760 4341 genitur
1792 4245 2000 4317 hellis
2040 4265 2372 4325 assuetus
2412 4253 2768 4353 Opheltes

951 4381 1379 4481 Argelicum
1419 4397 1772 4455 terrorem
1816 4385 2012 4457 inter
2036 4385 2420 4485 Trojaeque
2458 4393 2744 4469 labore-5

947 4521 1331 4597 Sublatam
1371 4517 1680 4609 erudiit3
1744 4549 1880 4593 nee
1920 4537 2172 4597 tecum
2210 4529 2388 4601 talia
2424 4533 2640 4629 gessi,

3299 6152 3788 6234 -.ῊἭΛ
