<?xml version="1.0" encoding="UTF-8"?>
<!DOCTYPE html PUBLIC "-//W3C//DTD XHTML 1.0 Transitional//EN"
    "http://www.w3.org/TR/xhtml1/DTD/xhtml1-transitional.dtd">
<html xmlns="http://www.w3.org/1999/xhtml" xml:lang="en" lang="en">
 <head>
  <title>
</title>
<meta http-equiv="Content-Type" content="text/html;charset=utf-8" />
  <meta name='ocr-system' content='tesseract 3.04.00' />
  <meta name='ocr-capabilities' content='ocr_page ocr_carea ocr_par ocr_line ocrx_word'/>
</head>
<body>
  <div class='ocr_page' id='page_1' title='image "./publiusvergiliu00virggoog/publiusvergiliu00virggoog_0210.png"; bbox 0 0 3792 6234; ppageno 0'>
   <div class='ocr_carea' id='block_1_1' title="bbox 632 991 2791 1076">
    <p class='ocr_par' dir='ltr' id='par_1_1' title="bbox 632 991 2791 1076">
     <span class='ocr_line' id='line_1_1' title="bbox 632 991 2791 1076; baseline -0.001 -7"><span class='ocrx_word' id='word_1_1' title='bbox 632 1021 700 1069; x_wconf 88' lang='lat' dir='ltr'><strong>v.</strong></span> <span class='ocrx_word' id='word_1_2' title='bbox 737 994 906 1069; x_wconf 88' lang='lat'><em>565.</em></span> <span class='ocrx_word' id='word_1_3' title='bbox 1415 991 1801 1067; x_wconf 88' lang='lat' dir='ltr'><strong>LIBER</strong></span> <span class='ocrx_word' id='word_1_4' title='bbox 1897 993 1997 1067; x_wconf 91' lang='lat' dir='ltr'><strong>X.</strong></span> <span class='ocrx_word' id='word_1_5' title='bbox 2656 1000 2791 1076; x_wconf 83' lang='lat'><strong>189</strong></span> 
     </span>
    </p>
   </div>
   <div class='ocr_carea' id='block_1_2' title="bbox 533 1190 2802 4715">
    <p class='ocr_par' dir='ltr' id='par_1_2' title="bbox 636 1190 2629 1290">
     <span class='ocr_line' id='line_1_2' title="bbox 636 1190 2629 1290; baseline -0.001 -25"><span class='ocrx_word' id='word_1_6' title='bbox 636 1191 1156 1287; x_wconf 81' lang='lat' dir='ltr'><strong>centenasque</strong></span> <span class='ocrx_word' id='word_1_7' title='bbox 1187 1212 1470 1281; x_wconf 77' lang='lat' dir='ltr'><strong>manus,</strong></span> <span class='ocrx_word' id='word_1_8' title='bbox 1515 1191 2060 1290; x_wconf 74' lang='lat' dir='ltr'><strong>quinquaginta</strong></span> <span class='ocrx_word' id='word_1_9' title='bbox 2090 1190 2337 1267; x_wconf 81' lang='lat' dir='ltr'><strong>oribus</strong></span> <span class='ocrx_word' id='word_1_10' title='bbox 2374 1190 2629 1289; x_wconf 87' lang='lat' dir='ltr'><strong>ignem</strong></span> 
     </span>
    </p>

    <p class='ocr_par' dir='ltr' id='par_1_3' title="bbox 635 1322 2699 1426">
     <span class='ocr_line' id='line_1_3' title="bbox 635 1322 2699 1426; baseline -0.001 -25"><span class='ocrx_word' id='word_1_11' title='bbox 635 1322 1216 1425; x_wconf 81' lang='lat' dir='ltr'><strong>Pectoribusque</strong></span> <span class='ocrx_word' id='word_1_12' title='bbox 1249 1328 1526 1418; x_wconf 82' lang='lat' dir='ltr'>arsisse,</span> <span class='ocrx_word' id='word_1_13' title='bbox 1579 1328 1626 1402; x_wconf 88' lang='lat' dir='ltr'>J</span> <span class='ocrx_word' id='word_1_14' title='bbox 1633 1327 1788 1401; x_wconf 86' lang='lat' dir='ltr'><strong>ovis</strong></span> <span class='ocrx_word' id='word_1_15' title='bbox 1823 1354 2053 1426; x_wconf 90' lang='lat' dir='ltr'><strong>quum</strong></span> <span class='ocrx_word' id='word_1_16' title='bbox 2086 1327 2403 1404; x_wconf 79' lang='lat' dir='ltr'><strong>fulmina</strong></span> <span class='ocrx_word' id='word_1_17' title='bbox 2434 1338 2699 1400; x_wconf 86' lang='lat' dir='ltr'><strong>contra</strong></span> 
     </span>
    </p>

    <p class='ocr_par' dir='ltr' id='par_1_4' title="bbox 635 1464 2721 1565">
     <span class='ocr_line' id='line_1_4' title="bbox 635 1464 2721 1565; baseline -0.001 -28"><span class='ocrx_word' id='word_1_18' title='bbox 635 1466 786 1538; x_wconf 94' lang='lat' dir='ltr'><strong>Tot</strong></span> <span class='ocrx_word' id='word_1_19' title='bbox 815 1464 1110 1565; x_wconf 89' lang='lat' dir='ltr'><strong>paribus</strong></span> <span class='ocrx_word' id='word_1_20' title='bbox 1145 1475 1507 1564; x_wconf 83' lang='lat' dir='ltr'><strong>streperet</strong></span> <span class='ocrx_word' id='word_1_21' title='bbox 1541 1464 1839 1564; x_wconf 77' lang='lat' dir='ltr'><strong>clypeiS‚</strong></span> <span class='ocrx_word' id='word_1_22' title='bbox 1883 1477 2003 1539; x_wconf 90' lang='lat' dir='ltr'><strong>tot</strong></span> <span class='ocrx_word' id='word_1_23' title='bbox 2036 1464 2440 1565; x_wconf 85' lang='lat' dir='ltr'><strong>stringeret</strong></span> <span class='ocrx_word' id='word_1_24' title='bbox 2474 1488 2721 1539; x_wconf 81' lang='lat' dir='ltr'><strong>enses:</strong></span> 
     </span>
    </p>

    <p class='ocr_par' dir='ltr' id='par_1_5' title="bbox 634 1602 2317 1700">
     <span class='ocr_line' id='line_1_5' title="bbox 634 1602 2317 1700; baseline -0.001 -23"><span class='ocrx_word' id='word_1_25' title='bbox 634 1602 752 1677; x_wconf 90' lang='lat' dir='ltr'><strong>Sic</strong></span> <span class='ocrx_word' id='word_1_26' title='bbox 787 1614 950 1677; x_wconf 90' lang='lat' dir='ltr'><strong>toto</strong></span> <span class='ocrx_word' id='word_1_27' title='bbox 981 1602 1248 1679; x_wconf 83' lang='lat' dir='ltr'><strong>AEneas</strong></span> <span class='ocrx_word' id='word_1_28' title='bbox 1283 1602 1587 1677; x_wconf 86' lang='lat' dir='ltr'><strong>desaevit</strong></span> <span class='ocrx_word' id='word_1_29' title='bbox 1621 1603 1699 1677; x_wconf 89' lang='lat' dir='ltr'><strong>in</strong></span> <span class='ocrx_word' id='word_1_30' title='bbox 1733 1626 2025 1700; x_wconf 87' lang='lat' dir='ltr'><strong>aequore</strong></span> <span class='ocrx_word' id='word_1_31' title='bbox 2056 1602 2317 1690; x_wconf 89' lang='lat' dir='ltr'><strong>victor,</strong></span> 
     </span>
    </p>

    <p class='ocr_par' dir='ltr' id='par_1_6' title="bbox 633 1736 2527 1840">
     <span class='ocr_line' id='line_1_6' title="bbox 633 1736 2527 1840; baseline -0.001 -26"><span class='ocrx_word' id='word_1_32' title='bbox 633 1739 747 1814; x_wconf 94' lang='lat' dir='ltr'><strong>Ut</strong></span> <span class='ocrx_word' id='word_1_33' title='bbox 777 1740 1004 1815; x_wconf 87' lang='lat' dir='ltr'><strong>semel</strong></span> <span class='ocrx_word' id='word_1_34' title='bbox 1037 1740 1360 1840; x_wconf 87' lang='lat' dir='ltr'><strong>intepuit</strong></span> <span class='ocrx_word' id='word_1_35' title='bbox 1391 1764 1672 1814; x_wconf 76' lang='lat' dir='ltr'><strong>mucro,</strong></span> <span class='ocrx_word' id='word_1_36' title='bbox 1768 1740 1978 1826; x_wconf 83' lang='lat' dir='ltr'><strong>Quin</strong></span> <span class='ocrx_word' id='word_1_37' title='bbox 2015 1764 2193 1814; x_wconf 90' lang='lat' dir='ltr'><strong>ecce</strong></span> <span class='ocrx_word' id='word_1_38' title='bbox 2228 1736 2527 1838; x_wconf 80' lang='lat' dir='ltr'><strong>Niphaei</strong></span> 
     </span>
    </p>

    <p class='ocr_par' dir='ltr' id='par_1_7' title="bbox 636 1875 2647 1977">
     <span class='ocr_line' id='line_1_7' title="bbox 636 1875 2647 1977; baseline -0.001 -28"><span class='ocrx_word' id='word_1_39' title='bbox 636 1875 1136 1976; x_wconf 83' lang='lat' dir='ltr'><strong>Quadrijuges</strong></span> <span class='ocrx_word' id='word_1_40' title='bbox 1171 1877 1250 1951; x_wconf 89' lang='lat' dir='ltr'><strong>in</strong></span> <span class='ocrx_word' id='word_1_41' title='bbox 1285 1902 1510 1974; x_wconf 90' lang='lat' dir='ltr'><strong>equos</strong></span> <span class='ocrx_word' id='word_1_42' title='bbox 1543 1877 1996 1975; x_wconf 86' lang='lat' dir='ltr'><strong>adversaque</strong></span> <span class='ocrx_word' id='word_1_43' title='bbox 2027 1890 2333 1977; x_wconf 77' lang='lat' dir='ltr'><strong>pectora</strong></span> <span class='ocrx_word' id='word_1_44' title='bbox 2364 1876 2647 1951; x_wconf 89' lang='lat' dir='ltr'><strong>tendit:</strong></span> 
     </span>
    </p>

    <p class='ocr_par' dir='ltr' id='par_1_8' title="bbox 633 2012 2575 2113">
     <span class='ocr_line' id='line_1_8' title="bbox 633 2012 2575 2113; baseline -0.001 -26"><span class='ocrx_word' id='word_1_45' title='bbox 633 2014 884 2111; x_wconf 90' lang='lat' dir='ltr'><strong>Atque</strong></span> <span class='ocrx_word' id='word_1_46' title='bbox 921 2012 1026 2087; x_wconf 92' lang='lat' dir='ltr'><strong>illi</strong></span> <span class='ocrx_word' id='word_1_47' title='bbox 1061 2014 1288 2113; x_wconf 89' lang='lat' dir='ltr'><strong>longe</strong></span> <span class='ocrx_word' id='word_1_48' title='bbox 1322 2014 1790 2113; x_wconf 86' lang='lat' dir='ltr'><strong>gradientem</strong></span> <span class='ocrx_word' id='word_1_49' title='bbox 1825 2026 1904 2087; x_wconf 91' lang='lat' dir='ltr'><strong>et</strong></span> <span class='ocrx_word' id='word_1_50' title='bbox 1937 2013 2099 2089; x_wconf 85' lang='lat' dir='ltr'><strong>dira</strong></span> <span class='ocrx_word' id='word_1_51' title='bbox 2128 2013 2575 2091; x_wconf 87' lang='lat' dir='ltr'><strong>frementem</strong></span> 
     </span>
    </p>

    <p class='ocr_par' dir='ltr' id='par_1_9' title="bbox 634 2150 2293 2248">
     <span class='ocr_line' id='line_1_9' title="bbox 634 2150 2293 2248; baseline -0.001 -23"><span class='ocrx_word' id='word_1_52' title='bbox 634 2150 748 2225; x_wconf 94' lang='lat' dir='ltr'><strong>Ut</strong></span> <span class='ocrx_word' id='word_1_53' title='bbox 779 2150 1052 2238; x_wconf 89' lang='lat' dir='ltr'><strong>videre,</strong></span> <span class='ocrx_word' id='word_1_54' title='bbox 1095 2163 1304 2225; x_wconf 91' lang='lat' dir='ltr'><strong>metu</strong></span> <span class='ocrx_word' id='word_1_55' title='bbox 1337 2150 1548 2239; x_wconf 87' lang='lat' dir='ltr'><strong>versi,</strong></span> <span class='ocrx_word' id='word_1_56' title='bbox 1593 2163 1939 2248; x_wconf 88' lang='lat' dir='ltr'><strong>retroque</strong></span> <span class='ocrx_word' id='word_1_57' title='bbox 1972 2162 2293 2240; x_wconf 89' lang='lat' dir='ltr'><strong>ruentes,</strong></span> 
     </span>
    </p>

    <p class='ocr_par' dir='ltr' id='par_1_10' title="bbox 635 2284 2733 2524">
     <span class='ocr_line' id='line_1_10' title="bbox 635 2284 2733 2386; baseline 0 -27"><span class='ocrx_word' id='word_1_58' title='bbox 635 2284 1202 2384; x_wconf 83' lang='lat' dir='ltr'><strong>Effunduntque</strong></span> <span class='ocrx_word' id='word_1_59' title='bbox 1234 2287 1524 2376; x_wconf 89' lang='lat' dir='ltr'><strong>ducem,</strong></span> <span class='ocrx_word' id='word_1_60' title='bbox 1569 2288 2011 2386; x_wconf 88' lang='lat' dir='ltr'><strong>rapiuntque</strong></span> <span class='ocrx_word' id='word_1_61' title='bbox 2044 2288 2139 2361; x_wconf 91' lang='lat' dir='ltr'><strong>ad</strong></span> <span class='ocrx_word' id='word_1_62' title='bbox 2173 2288 2425 2362; x_wconf 85' lang='lat' dir='ltr'><strong>littora</strong></span> <span class='ocrx_word' id='word_1_63' title='bbox 2458 2312 2733 2361; x_wconf 88' lang='lat' dir='ltr'><strong>currus.</strong></span> 
     </span>
     <span class='ocr_line' id='line_1_11' title="bbox 783 2423 2359 2524; baseline 0 -27"><span class='ocrx_word' id='word_1_64' title='bbox 783 2424 1086 2499; x_wconf 82' lang='lat' dir='ltr'><strong>Interea</strong></span> <span class='ocrx_word' id='word_1_65' title='bbox 1115 2423 1388 2522; x_wconf 89' lang='lat' dir='ltr'><strong>bijugis</strong></span> <span class='ocrx_word' id='word_1_66' title='bbox 1423 2424 1652 2497; x_wconf 89' lang='lat' dir='ltr'><strong>infert</strong></span> <span class='ocrx_word' id='word_1_67' title='bbox 1686 2450 1764 2499; x_wconf 92' lang='lat' dir='ltr'><strong>se</strong></span> <span class='ocrx_word' id='word_1_68' title='bbox 1801 2425 2147 2524; x_wconf 86' lang='lat' dir='ltr'><strong>Lucagus</strong></span> <span class='ocrx_word' id='word_1_69' title='bbox 2181 2425 2359 2499; x_wconf 88' lang='lat' dir='ltr'><strong>albis</strong></span> 
     </span>
    </p>

    <p class='ocr_par' dir='ltr' id='par_1_11' title="bbox 637 2560 2577 2660">
     <span class='ocr_line' id='line_1_12' title="bbox 637 2560 2577 2660; baseline 0 -25"><span class='ocrx_word' id='word_1_70' title='bbox 637 2560 733 2635; x_wconf 91' lang='lat' dir='ltr'><strong>In</strong></span> <span class='ocrx_word' id='word_1_71' title='bbox 763 2560 1068 2650; x_wconf 89' lang='lat' dir='ltr'><strong>medios,</strong></span> <span class='ocrx_word' id='word_1_72' title='bbox 1111 2560 1488 2658; x_wconf 87' lang='lat' dir='ltr'><strong>fraterque</strong></span> <span class='ocrx_word' id='word_1_73' title='bbox 1525 2561 1784 2660; x_wconf 88' lang='lat' dir='ltr'><strong>Liger:</strong></span> <span class='ocrx_word' id='word_1_74' title='bbox 1841 2561 1974 2635; x_wconf 88' lang='lat' dir='ltr'><strong>sed</strong></span> <span class='ocrx_word' id='word_1_75' title='bbox 2007 2561 2240 2636; x_wconf 76' lang='lat' dir='ltr'><strong>frater</strong></span> <span class='ocrx_word' id='word_1_76' title='bbox 2272 2560 2577 2635; x_wconf 83' lang='lat' dir='ltr'><strong>habenis</strong></span> 
     </span>
    </p>

    <p class='ocr_par' dir='ltr' id='par_1_12' title="bbox 632 2696 2729 2797">
     <span class='ocr_line' id='line_1_13' title="bbox 632 2696 2729 2797; baseline 0 -26"><span class='ocrx_word' id='word_1_77' title='bbox 632 2697 906 2771; x_wconf 87' lang='lat' dir='ltr'><strong>Flectit</strong></span> <span class='ocrx_word' id='word_1_78' title='bbox 942 2720 1203 2794; x_wconf 90' lang='lat' dir='ltr'><strong>equos;</strong></span> <span class='ocrx_word' id='word_1_79' title='bbox 1262 2696 1604 2771; x_wconf 88' lang='lat' dir='ltr'><strong>strictum</strong></span> <span class='ocrx_word' id='word_1_80' title='bbox 1640 2708 1839 2773; x_wconf 88' lang='lat' dir='ltr'><strong>rotat</strong></span> <span class='ocrx_word' id='word_1_81' title='bbox 1871 2722 2046 2772; x_wconf 85' lang='lat' dir='ltr'><strong>acer</strong></span> <span class='ocrx_word' id='word_1_82' title='bbox 2079 2699 2423 2797; x_wconf 86' lang='lat' dir='ltr'><strong>Lucagus</strong></span> <span class='ocrx_word' id='word_1_83' title='bbox 2458 2722 2729 2773; x_wconf 87' lang='lat' dir='ltr'><strong>ensem.</strong></span> 
     </span>
    </p>

    <p class='ocr_par' dir='ltr' id='par_1_13' title="bbox 637 2833 2347 2911">
     <span class='ocr_line' id='line_1_14' title="bbox 637 2833 2347 2911; baseline -0.002 0"><span class='ocrx_word' id='word_1_84' title='bbox 637 2834 862 2911; x_wconf 86' lang='lat' dir='ltr'><strong>Haud</strong></span> <span class='ocrx_word' id='word_1_85' title='bbox 898 2833 1072 2909; x_wconf 89' lang='lat' dir='ltr'><strong>tulit</strong></span> <span class='ocrx_word' id='word_1_86' title='bbox 1104 2834 1370 2907; x_wconf 84' lang='lat' dir='ltr'><strong>AEneas</strong></span> <span class='ocrx_word' id='word_1_87' title='bbox 1405 2843 1618 2908; x_wconf 88' lang='lat' dir='ltr'><strong>tanto</strong></span> <span class='ocrx_word' id='word_1_88' title='bbox 1651 2833 1944 2909; x_wconf 89' lang='lat' dir='ltr'><strong>fervore</strong></span> <span class='ocrx_word' id='word_1_89' title='bbox 1978 2834 2347 2909; x_wconf 89' lang='lat' dir='ltr'><strong>furentes:</strong></span> 
     </span>
    </p>

    <p class='ocr_par' dir='ltr' id='par_1_14' title="bbox 637 2970 2401 3071">
     <span class='ocr_line' id='line_1_15' title="bbox 637 2970 2401 3071; baseline 0.001 -25"><span class='ocrx_word' id='word_1_90' title='bbox 637 2971 890 3059; x_wconf 92' lang='lat' dir='ltr'><strong>Irruit‚</strong></span> <span class='ocrx_word' id='word_1_91' title='bbox 935 2970 1388 3067; x_wconf 86' lang='lat' dir='ltr'><strong>adversaque</strong></span> <span class='ocrx_word' id='word_1_92' title='bbox 1423 2970 1688 3069; x_wconf 90' lang='lat' dir='ltr'><strong>ingens</strong></span> <span class='ocrx_word' id='word_1_93' title='bbox 1721 2972 2057 3071; x_wconf 84' lang='lat' dir='ltr'><strong>apparuit</strong></span> <span class='ocrx_word' id='word_1_94' title='bbox 2090 2973 2321 3047; x_wconf 82' lang='lat' dir='ltr'><strong>hasta.</strong></span> <span class='ocrx_word' id='word_1_95' title='bbox 2396 2974 2401 2977; x_wconf 75' lang='grc'><strong>’</strong></span> 
     </span>
    </p>

    <p class='ocr_par' dir='ltr' id='par_1_15' title="bbox 638 3108 1078 3207">
     <span class='ocr_line' id='line_1_16' title="bbox 638 3108 1078 3207; baseline -0.011 -23"><span class='ocrx_word' id='word_1_96' title='bbox 638 3108 784 3184; x_wconf 91' lang='lat' dir='ltr'><strong>Cui</strong></span> <span class='ocrx_word' id='word_1_97' title='bbox 819 3108 1078 3207; x_wconf 88' lang='lat' dir='ltr'><strong>Liger:</strong></span> 
     </span>
    </p>

    <p class='ocr_par' dir='ltr' id='par_1_16' title="bbox 635 3243 2613 3340">
     <span class='ocr_line' id='line_1_17' title="bbox 635 3243 2613 3340; baseline -0.001 -18"><span class='ocrx_word' id='word_1_98' title='bbox 635 3246 819 3322; x_wconf 88' lang='lat' dir='ltr'><strong>Non</strong></span> <span class='ocrx_word' id='word_1_99' title='bbox 857 3243 1242 3323; x_wconf 89' lang='lat' dir='ltr'><strong>Diomedis</strong></span> <span class='ocrx_word' id='word_1_100' title='bbox 1278 3267 1525 3340; x_wconf 76' lang='lat' dir='ltr'><strong>equOS‚</strong></span> <span class='ocrx_word' id='word_1_101' title='bbox 1568 3268 1711 3317; x_wconf 91' lang='lat' dir='ltr'><strong>nec</strong></span> <span class='ocrx_word' id='word_1_102' title='bbox 1749 3268 2006 3320; x_wconf 87' lang='lat' dir='ltr'><strong>currus</strong></span> <span class='ocrx_word' id='word_1_103' title='bbox 2043 3246 2283 3320; x_wconf 88' lang='lat' dir='ltr'><strong>cernis</strong></span> <span class='ocrx_word' id='word_1_104' title='bbox 2316 3246 2613 3338; x_wconf 84' lang='lat' dir='ltr'><strong>Achilli,</strong></span> 
     </span>
    </p>

    <p class='ocr_par' dir='ltr' id='par_1_17' title="bbox 633 3382 2484 3482">
     <span class='ocr_line' id='line_1_18' title="bbox 633 3382 2484 3482; baseline -0.001 -22"><span class='ocrx_word' id='word_1_105' title='bbox 633 3387 792 3460; x_wconf 91' lang='lat' dir='ltr'><strong>Aut</strong></span> <span class='ocrx_word' id='word_1_106' title='bbox 825 3382 1171 3482; x_wconf 84' lang='lat' dir='ltr'><strong>Phrygiae</strong></span> <span class='ocrx_word' id='word_1_107' title='bbox 1206 3405 1538 3481; x_wconf 90' lang='lat' dir='ltr'><strong>campos:</strong></span> <span class='ocrx_word' id='word_1_108' title='bbox 1588 3406 1794 3455; x_wconf 91' lang='lat' dir='ltr'><strong>nunc</strong></span> <span class='ocrx_word' id='word_1_109' title='bbox 1826 3382 2003 3457; x_wconf 92' lang='lat' dir='ltr'><strong>belli</strong></span> <span class='ocrx_word' id='word_1_110' title='bbox 2037 3382 2202 3457; x_wconf 91' lang='lat' dir='ltr'><strong>finis</strong></span> <span class='ocrx_word' id='word_1_111' title='bbox 2239 3394 2317 3458; x_wconf 92' lang='lat' dir='ltr'><strong>et</strong></span> <span class='ocrx_word' id='word_1_112' title='bbox 2349 3385 2484 3459; x_wconf 87' lang='lat' dir='ltr'><strong>aevi</strong></span> 
     </span>
    </p>

    <p class='ocr_par' dir='ltr' id='par_1_18' title="bbox 639 3510 2161 3595">
     <span class='ocr_line' id='line_1_19' title="bbox 639 3510 2161 3595; baseline -0.002 0"><span class='ocrx_word' id='word_1_113' title='bbox 639 3522 776 3595; x_wconf 89' lang='lat' dir='ltr'><strong>His</strong></span> <span class='ocrx_word' id='word_1_114' title='bbox 811 3518 1110 3594; x_wconf 90' lang='lat' dir='ltr'><strong>dabitur</strong></span> <span class='ocrx_word' id='word_1_115' title='bbox 1143 3510 1378 3593; x_wconf 80' lang='lat' dir='ltr'><strong>terris.</strong></span> <span class='ocrx_word' id='word_1_116' title='bbox 1474 3517 1770 3593; x_wconf 87' lang='lat' dir='ltr'><strong>Vesano</strong></span> <span class='ocrx_word' id='word_1_117' title='bbox 1801 3519 1980 3593; x_wconf 85' lang='lat' dir='ltr'><strong>talia</strong></span> <span class='ocrx_word' id='word_1_118' title='bbox 2013 3521 2161 3595; x_wconf 91' lang='lat' dir='ltr'><strong>late</strong></span> 
     </span>
    </p>

    <p class='ocr_par' dir='ltr' id='par_1_19' title="bbox 636 3654 2504 3754">
     <span class='ocr_line' id='line_1_20' title="bbox 636 3654 2504 3754; baseline -0.001 -22"><span class='ocrx_word' id='word_1_119' title='bbox 636 3659 870 3732; x_wconf 88' lang='lat' dir='ltr'><strong>Dicta</strong></span> <span class='ocrx_word' id='word_1_120' title='bbox 899 3658 1155 3731; x_wconf 89' lang='lat' dir='ltr'><strong>volant</strong></span> <span class='ocrx_word' id='word_1_121' title='bbox 1190 3654 1478 3754; x_wconf 88' lang='lat' dir='ltr'><strong>Ligeri:</strong></span> <span class='ocrx_word' id='word_1_122' title='bbox 1535 3654 1664 3729; x_wconf 91' lang='lat' dir='ltr'><strong>sed</strong></span> <span class='ocrx_word' id='word_1_123' title='bbox 1697 3680 1854 3729; x_wconf 87' lang='lat' dir='ltr'><strong>non</strong></span> <span class='ocrx_word' id='word_1_124' title='bbox 1887 3666 1967 3729; x_wconf 90' lang='lat' dir='ltr'><strong>et</strong></span> <span class='ocrx_word' id='word_1_125' title='bbox 1992 3658 2255 3731; x_wconf 81' lang='lat' dir='ltr'><strong>Troius</strong></span> <span class='ocrx_word' id='word_1_126' title='bbox 2290 3658 2504 3731; x_wconf 89' lang='lat' dir='ltr'><strong>heros</strong></span> 
     </span>
    </p>

    <p class='ocr_par' dir='ltr' id='par_1_20' title="bbox 636 3790 2802 3893">
     <span class='ocr_line' id='line_1_21' title="bbox 636 3790 2802 3893; baseline 0.002 -26"><span class='ocrx_word' id='word_1_127' title='bbox 636 3795 868 3869; x_wconf 87' lang='lat' dir='ltr'><strong>Dicta</strong></span> <span class='ocrx_word' id='word_1_128' title='bbox 897 3803 1107 3893; x_wconf 91' lang='lat' dir='ltr'><strong>parat</strong></span> <span class='ocrx_word' id='word_1_129' title='bbox 1142 3806 1442 3880; x_wconf 75' lang='lat' dir='ltr'><strong>contra:</strong></span> <span class='ocrx_word' id='word_1_130' title='bbox 1471 3790 1806 3891; x_wconf 84' lang='lat' dir='ltr'><strong>jaculum</strong></span> <span class='ocrx_word' id='word_1_131' title='bbox 1839 3818 2013 3869; x_wconf 86' lang='lat' dir='ltr'><strong>nam</strong></span> <span class='ocrx_word' id='word_1_132' title='bbox 2048 3804 2349 3892; x_wconf 88' lang='lat' dir='ltr'><strong>torquet</strong></span> <span class='ocrx_word' id='word_1_133' title='bbox 2382 3796 2459 3869; x_wconf 92' lang='lat' dir='ltr'><strong>in</strong></span> <span class='ocrx_word' id='word_1_134' title='bbox 2495 3797 2802 3873; x_wconf 87' lang='lat' dir='ltr'><strong>hostem.</strong></span> 
     </span>
    </p>

    <p class='ocr_par' dir='ltr' id='par_1_21' title="bbox 642 3928 2447 4029">
     <span class='ocr_line' id='line_1_22' title="bbox 642 3928 2447 4029; baseline 0.001 -23"><span class='ocrx_word' id='word_1_135' title='bbox 642 3932 1006 4029; x_wconf 73' lang='lat' dir='ltr'><strong>LucaguS,</strong></span> <span class='ocrx_word' id='word_1_136' title='bbox 1051 3941 1138 4003; x_wconf 90' lang='lat' dir='ltr'><strong>ut</strong></span> <span class='ocrx_word' id='word_1_137' title='bbox 1170 3954 1444 4027; x_wconf 88' lang='lat' dir='ltr'><strong>pronus</strong></span> <span class='ocrx_word' id='word_1_138' title='bbox 1476 3928 1807 4029; x_wconf 89' lang='lat' dir='ltr'><strong>pendens</strong></span> <span class='ocrx_word' id='word_1_139' title='bbox 1843 3930 1921 4005; x_wconf 91' lang='lat' dir='ltr'><strong>in</strong></span> <span class='ocrx_word' id='word_1_140' title='bbox 1956 3930 2265 4007; x_wconf 88' lang='lat' dir='ltr'><strong>verbera</strong></span> <span class='ocrx_word' id='word_1_141' title='bbox 2282 3928 2447 4007; x_wconf 80' lang='lat' dir='ltr'><strong>&#39;telo</strong></span> 
     </span>
    </p>

    <p class='ocr_par' dir='ltr' id='par_1_22' title="bbox 641 4064 2432 4169">
     <span class='ocr_line' id='line_1_23' title="bbox 641 4064 2432 4169; baseline 0.001 -25"><span class='ocrx_word' id='word_1_142' title='bbox 641 4065 1057 4144; x_wconf 89' lang='lat' dir='ltr'><strong>Admonuit</strong></span> <span class='ocrx_word' id='word_1_143' title='bbox 1089 4064 1404 4165; x_wconf 88' lang='lat' dir='ltr'><strong>bijugos,</strong></span> <span class='ocrx_word' id='word_1_144' title='bbox 1445 4065 1780 4165; x_wconf 87' lang='lat' dir='ltr'><strong>projecto</strong></span> <span class='ocrx_word' id='word_1_145' title='bbox 1813 4067 1993 4142; x_wconf 90' lang='lat' dir='ltr'><strong>dum</strong></span> <span class='ocrx_word' id='word_1_146' title='bbox 2024 4069 2215 4169; x_wconf 91' lang='lat' dir='ltr'><strong>pede</strong></span> <span class='ocrx_word' id='word_1_147' title='bbox 2248 4071 2432 4145; x_wconf 84' lang='lat' dir='ltr'><strong>laevo</strong></span> 
     </span>
    </p>

    <p class='ocr_par' dir='ltr' id='par_1_23' title="bbox 641 4202 2383 4305">
     <span class='ocr_line' id='line_1_24' title="bbox 641 4202 2383 4305; baseline 0 -23"><span class='ocrx_word' id='word_1_148' title='bbox 641 4209 872 4305; x_wconf 87' lang='lat' dir='ltr'><strong>Aptat</strong></span> <span class='ocrx_word' id='word_1_149' title='bbox 905 4227 983 4277; x_wconf 89' lang='lat' dir='ltr'><strong>se</strong></span> <span class='ocrx_word' id='word_1_150' title='bbox 1013 4227 1322 4301; x_wconf 67' lang='lat' dir='ltr'><strong>pugnae:</strong></span> <span class='ocrx_word' id='word_1_151' title='bbox 1374 4202 1574 4277; x_wconf 90' lang='lat' dir='ltr'><strong>subit</strong></span> <span class='ocrx_word' id='word_1_152' title='bbox 1605 4227 1768 4277; x_wconf 84' lang='lat' dir='ltr'><strong>oras</strong></span> <span class='ocrx_word' id='word_1_153' title='bbox 1799 4204 2012 4280; x_wconf 82' lang='lat' dir='ltr'><strong>hasta</strong></span> <span class='ocrx_word' id='word_1_154' title='bbox 2041 4232 2175 4305; x_wconf 90' lang='lat' dir='ltr'><strong>per</strong></span> <span class='ocrx_word' id='word_1_155' title='bbox 2204 4208 2383 4283; x_wconf 86' lang='lat' dir='ltr'><strong>imas</strong></span> 
     </span>
    </p>

    <p class='ocr_par' dir='ltr' id='par_1_24' title="bbox 641 4339 2527 4443">
     <span class='ocr_line' id='line_1_25' title="bbox 641 4339 2527 4443; baseline 0.001 -26"><span class='ocrx_word' id='word_1_156' title='bbox 641 4339 1026 4442; x_wconf 86' lang='lat' dir='ltr'><strong>Fulgentis</strong></span> <span class='ocrx_word' id='word_1_157' title='bbox 1063 4339 1325 4438; x_wconf 82' lang='lat' dir='ltr'><strong>clypei,</strong></span> <span class='ocrx_word' id='word_1_158' title='bbox 1371 4352 1532 4443; x_wconf 89' lang='lat' dir='ltr'><strong>tum</strong></span> <span class='ocrx_word' id='word_1_159' title='bbox 1567 4340 1830 4415; x_wconf 84' lang='lat' dir='ltr'><strong>laevum</strong></span> <span class='ocrx_word' id='word_1_160' title='bbox 1860 4341 2191 4441; x_wconf 88' lang='lat' dir='ltr'><strong>perforat</strong></span> <span class='ocrx_word' id='word_1_161' title='bbox 2223 4345 2527 4443; x_wconf 87' lang='lat' dir='ltr'><strong>inguen.</strong></span> 
     </span>
    </p>

    <p class='ocr_par' dir='ltr' id='par_1_25' title="bbox 533 4476 2393 4591">
     <span class='ocr_line' id='line_1_26' title="bbox 533 4476 2393 4591; baseline -0.001 -36"><span class='ocrx_word' id='word_1_162' title='bbox 533 4576 546 4591; x_wconf 75' lang='lat'><strong>.</strong></span> <span class='ocrx_word' id='word_1_163' title='bbox 645 4481 1018 4555; x_wconf 84' lang='lat' dir='ltr'><strong>Excussus</strong></span> <span class='ocrx_word' id='word_1_164' title='bbox 1055 4500 1278 4551; x_wconf 86' lang='lat' dir='ltr'><strong>curru</strong></span> <span class='ocrx_word' id='word_1_165' title='bbox 1311 4476 1793 4553; x_wconf 89' lang='lat' dir='ltr'><strong>moribundus</strong></span> <span class='ocrx_word' id='word_1_166' title='bbox 1825 4480 2153 4556; x_wconf 87' lang='lat' dir='ltr'><strong>volvitur</strong></span> <span class='ocrx_word' id='word_1_167' title='bbox 2183 4481 2393 4557; x_wconf 79' lang='lat' dir='ltr'><strong>arvis,</strong></span> 
     </span>
    </p>

    <p class='ocr_par' dir='ltr' id='par_1_26' title="bbox 646 4613 2273 4715">
     <span class='ocr_line' id='line_1_27' title="bbox 646 4613 2273 4715; baseline -0.001 -24"><span class='ocrx_word' id='word_1_168' title='bbox 646 4620 892 4705; x_wconf 84' lang='lat' dir='ltr'><strong>Quem</strong></span> <span class='ocrx_word' id='word_1_169' title='bbox 924 4613 1087 4715; x_wconf 86' lang='lat' dir='ltr'><strong>pius</strong></span> <span class='ocrx_word' id='word_1_170' title='bbox 1120 4614 1387 4689; x_wconf 84' lang='lat' dir='ltr'><strong>AEneas</strong></span> <span class='ocrx_word' id='word_1_171' title='bbox 1423 4613 1644 4689; x_wconf 89' lang='lat' dir='ltr'><strong>dictis</strong></span> <span class='ocrx_word' id='word_1_172' title='bbox 1677 4614 1947 4691; x_wconf 83' lang='lat' dir='ltr'><strong>affatur</strong></span> <span class='ocrx_word' id='word_1_173' title='bbox 1980 4618 2273 4691; x_wconf 87' lang='lat' dir='ltr'><strong>amaris:</strong></span> 
     </span>
    </p>
   </div>
  </div>
 </body>
</html>
