3792 6234
847 986 944 1059 68
1713 986 1806 1059 AE
1827 984 1909 1059 N
1932 982 1997 1059 E
2020 984 2059 1058 Ι
2082 984 2151 1059 S.
2738 1010 2808 1059 v.
2847 993 3016 1071 795.

848 1182 1090 1257 Extra
1122 1181 1304 1257 anni
1337 1182 1656 1282 solisque
1691 1182 1870 1274 vias,
1918 1182 2051 1257 ubi
2085 1179 2368 1257 coelifer
2401 1181 2615 1257 Atlas

846 1321 1096 1396 Axem
1131 1322 1446 1395 humero
1479 1330 1782 1420 torquet
1817 1320 2053 1395 stellis
2086 1319 2524 1395 ardentibus
2560 1330 2839 1419 aptum.

850 1458 1094 1559 Hujus
1131 1458 1208 1533 in
1245 1458 1658 1535 adventum
1679 1456 1842 1557 jam
1877 1482 2089 1533 nunc
2126 1428 2205 1532 et
2240 1458 2515 1557 Caspia
2548 1482 2789 1556 regna

851 1596 1248 1697 Responsis
1283 1597 1596 1672 horrent
1628 1596 1909 1688 divum,
1956 1606 2039 1670 et
2072 1595 2385 1671 Maeotia
2414 1597 2661 1689 tellus,

849 1735 949 1810 Et
979 1734 1554 1836 septemgemini
1589 1734 1908 1809 turbant
1942 1734 2236 1833 trepida
2268 1733 2463 1809 ostia
2496 1734 2681 1809 Nili.

853 1874 1025 1949 Nec
1063 1896 1239 1947 vero
1265 1872 1570 1948 Alcides
1605 1884 1910 1948 tantum
1944 1872 2233 1948 telluris
2268 1871 2529 1965 obivit,

851 2011 1138 2086 Fixerit
1169 2011 1564 2111 aeripedem
1599 2035 1901 2086 cervam
1936 2009 2139 2103 licet,
2186 2022 2319 2085 aut
2352 2010 2803 2109 Erymanthi

852 2149 1153 2225 Pacarit
1185 2173 1514 2241 nemora,
1563 2162 1642 2223 et
1679 2146 2005 2223 Lernam
2038 2146 2552 2222 tremefecerit
2585 2172 2805 2223 arcu:

854 2288 1048 2381 Nec,
1096 2288 1224 2386 qui
1256 2286 1671 2387 pampineis
1705 2287 1955 2361 victor
1976 2283 2171 2386 juga
2202 2286 2445 2361 flectit
2478 2286 2811 2379 habenis,

856 2425 1102 2518 Liber,
1149 2450 1385 2525 agens
1420 2426 1620 2509 celso
1655 2425 1884 2523 Nysae
1922 2424 2017 2499 de
2052 2424 2337 2499 vertice
2373 2425 2627 2524 tigres,

853 2563 958 2639 Et
990 2563 1418 2638 dubitamus
1455 2562 1704 2637 adhuc
1739 2563 2101 2637 virtutem
2136 2563 2551 2637 extendere
2586 2562 2855 2637 factis?

853 2701 1015 2775 Aut
1047 2713 1292 2777 metus
1327 2700 1666 2775 Ausonia
1697 2699 2049 2799 prohibet
2084 2701 2493 2775 consistere
2528 2700 2776 2775 terra?

859 2839 1050 2925 Quis
1085 2839 1346 2939 procul
1381 2840 1506 2913 ille
1542 2850 1796 2914 autem
1831 2837 2057 2913 ramis
2092 2838 2411 2938 insignis
2448 2838 2679 2930 olivae,

856 2978 1080 3052 Sacra
1111 2977 1407 3053 ferens?
1457 3002 1693 3052 nosco
1727 2977 1973 3053 crines
2008 2977 2435 3076 incanaque
2468 2988 2730 3052 menta

858 3116 1088 3217 Regis
1123 3116 1468 3209 Romani,
1515 3116 1796 3217 primus
1831 3117 1962 3215 qui
1998 3116 2293 3217 legibus
2326 3116 2591 3191 urbem

855 3253 1257 3346 Fundabit,
1300 3254 1626 3330 Curibus
1661 3254 1909 3354 parvis
1946 3267 2024 3328 et
2056 3276 2385 3354 paupere
2420 3266 2621 3329 terra

858 3390 1136 3466 Missus
1170 3392 1248 3465 in
1288 3392 1682 3491 imperium
1715 3418 2119 3493 magnum:
2180 3394 2305 3467 cui
2341 3392 2617 3467 deinde
2662 3390 2947 3467 subibit

858 3528 1040 3603 Otia
1071 3530 1202 3629 qui
1233 3544 1534 3630 rumpet
1569 3532 1826 3630 patriae
1860 3530 2287 3629 residesque
2322 3531 2657 3607 movebit

853 3666 1116 3743 Tullus
1150 3668 1230 3742 in
1267 3692 1478 3743 arma
1510 3669 1730 3761 viros,
1777 3682 1856 3743 et
1877 3666 2041 3768 jam
2075 3670 2390 3743 desueta
2424 3668 2821 3768 triumphis

857 3806 1226 3905 Agmina:
1282 3832 1506 3905 quem
1530 3806 1761 3907 juxta
1795 3807 2133 3905 sequitur
2154 3805 2573 3906 jactantior
2603 3806 2885 3901 Ancus,

861 3942 1096 4017 Nunc
1119 3968 1414 4043 quoque
1429 3944 1590 4045 jam
1620 3944 1943 4020 nimium
1965 3944 2305 4046 gaudens
2334 3944 2817 4045 popularibus
2846 3945 3065 4023 auris·

859 4079 996 4153 Vis
1031 4093 1109 4154 et
1141 4080 1586 4180 Tarquinios
1619 4108 1856 4183 reges,
1906 4084 2383 4182 animamque
2419 4084 2817 4183 superbam

859 4217 1142 4319 Ultoris
1179 4218 1414 4313 Bruti,
1461 4219 1849 4319 fascesque
1882 4222 2146 4297 videre
2172 4222 2559 4323 receptos?

863 4355 1210 4430 Consulis
1247 4357 1640 4457 imperium
1677 4352 1804 4433 hic
1835 4360 2119 4459 primus
2153 4385 2527 4459 saevasque
2561 4386 2859 4439 secures

859 4492 1245 4594 Accipiet3
1303 4508 1671 4596 natosque
1703 4509 1941 4597 pater,
1987 4524 2187 4574 nova
2219 4499 2419 4576 bella
2450 4516 2861 4594 moventes,

861 4632 980 4707 Ad
1017 4659 1311 4734 poenam
1347 4637 1663 4735 pulchra
1695 4662 1831 4737 pro
1862 4636 2213 4715 libertate
2248 4639 2575 4715 vocabit.
