3792 6234
934 971 1069 1040 122
1782 963 1879 1038 AE
1901 964 1982 1038 N
2005 963 2070 1038 E
2095 965 2132 1038 I
2157 965 2222 1040 S.
2637 1043 2644 1050 ,
2811 990 2884 1039 V.
2921 971 3092 1040 433.

925 1162 1345 1254 Instabam,
1387 1163 1659 1261 quibus
1696 1155 1830 1238 ille'
1854 1165 2073 1254 viros,
2119 1162 2387 1262 quibus
2423 1163 2713 1236 excitat
2749 1163 3011 1238 urbes:

920 1300 1339 1402 AEgidaque
1373 1301 1833 1396 hol-dferam,
1880 1303 2200 1377 turbatae
2237 1302 2556 1376 Palladis
2595 1327 2824 1402 arma,

924 1438 1293 1515 Certatim
1330 1441 1653 1539 squamis
1687 1455 2121 1540 serpentum
2158 1465 2486 1540 auroque
2521 1441 2884 1540 polibant,

924 1579 1478 1678 Connexosque
1514 1603 1825 1680 angues,
1872 1579 2257 1679 ipsamque
2294 1580 2372 1653 in
2411 1593 2718 1678 pectore
2751 1580 2942 1654 divae

922 1717 1308 1818 Gorgona,
1356 1717 1662 1792 desecto
1698 1730 2122 1793 vertentem
2158 1719 2448 1792 lumina
2483 1720 2696 1793 collo.

918 1855 1192 1931 Tollite
1229 1870 1531 1950 cuncta,
1578 1857 1845 1954 inquit,
1896 1871 2322 1956 coeptosque
2358 1856 2647 1931 auferte
2683 1858 2993 1949 laboreS,

920 1994 1188 2070 AEtnaei
1228 1995 1619 2094 Cyclopes,
1666 2006 1743 2069 et
1778 1997 1932 2069 huc
1967 1995 2338 2070 advertite
2371 2010 2729 2071 mentem.

918 2133 1153 2208 Arma
1186 2135 1343 2208 acri
1378 2133 1732 2208 facienda
1765 2135 1966 2209 viro:
2023 2161 2232 2209 nunc
2268 2135 2549 2210 viribus
2588 2161 2782 2228 usuS,

922 2273 1157 2348 Nunc
1195 2273 1537 2347 manibus
1574 2272 1869 2371 rapidiS‚
1916 2275 2124 2348 omni
2159 2298 2368 2348 nunc
2405 2287 2566 2349 arte
2599 2275 3000 2374 magistra:

921 2411 1389 2511 Praecipitate
1426 2436 1687 2485 moras.
1785 2412 1958 2486 Nec
1992 2413 2208 2511 plura
2242 2413 2550 2486 effatus:
2609 2425 2686 2486 et
2723 2412 2832 2486 illi

920 2551 1153 2624 Ocius
1186 2550 1601 2625 incubuere
1639 2574 1919 2641 omnes,
1967 2550 2394 2648 pariterque
2429 2549 2762 2624 laborem

920 2688 1211 2763 sortiti:
1270 2688 1436 2762 fluit
1472 2713 1564 2762 aes
1600 2687 1797 2780 rivis,
1847 2688 2157 2787 aurique
2193 2689 2625 2780 metallum;

918 2827 1489 2925 Vulnificusque
1526 2827 1832 2925 chalybs
1868 2841 2082 2901 vasta
2113 2827 2421 2902 fornace
2459 2828 2825 2926 liquescit.

922 2965 1329 3066 Ingentem
1366 2966 1713 3064 clypeum
1752 2965 2184 3060 informant,
2232 2993 2469 3041 unum
2502 2969 2760 3042 omnia
2794 2980 3062 3043 contra

915 3103 1101 3177 Tela
1137 3102 1617 3194 Latinorum;
1676 3117 2170 3203 septenosque
2208 3105 2508 3179 orbibus
2543 3105 2757 3180 orbes

920 3243 1393 3342 Impediunt:
1452 3241 1577 3316 alii
1612 3245 1941 3317 ventosis
1976 3242 2276 3319 follibus
2314 3269 2532 3318 auras

919 3381 1333 3479 Accipiunt
1366 3381 1842 3478 redduntque
1862 3410 1882 3471 3
1945 3381 2069 3454 alii
2105 3381 2501 3456 stridentia
2536 3381 2853 3481 tingunt

917 3521 1094 3593 AEra
1127 3521 1336 3595 lacu:
1395 3521 1634 3620 gemit
1669 3520 2030 3618 impositis
2069 3519 2828 3600 incudibusantrum.

920 3658 1039 3732 Illi
1077 3658 1276 3732 inter
1310 3683 1469 3732 sese
1504 3659 1744 3732 multa
1779 3660 1851 3731 vi
1887 3658 2198 3733 brachia
2232 3659 2513 3732 tollunt

920 3797 1013 3870 In
1051 3821 1471 3888 numerum,
1519 3809 1970 3894 versantque
2004 3797 2256 3871 tenaci
2294 3796 2578 3896 forcipe
2613 3822 2954 3871 massam.

1068 3933 1252 4008 Haec
1288 3946 1503 4033 pater
1536 3932 1790 4008 AEoliis
1829 3949 2177 4033 properat
2213 3936 2394 4010 dum
2433 3935 2788 4010 Lemnius
2824 3937 2993 4030 oriS,

918 4073 1354 4148 Evandrum
1393 4096 1489 4146 ex
1526 4071 1791 4145 humili
1824 4085 2033 4146 tecto
2067 4043 2200 4146 lux
2238 4074 2550 4148 suscitat
2583 4075 2800 4166 alma,

918 4211 1019 4286 Et
1051 4209 1407 4283 matutini
1440 4211 1829 4284 volucrum
1868 4210 2007 4284 sub
2045 4211 2373 4285 culmine
2409 4226 2696 4288 cantus,

922 4348 1334 4448 Consurgit
1370 4347 1637 4439 senior,
1685 4347 2095 4446 tunicaque
2131 4351 2518 4425 inducitur
2549 4366 2772 4443 artuS,

919 4487 1019 4562 Et
1048 4487 1441 4588 Tyrrhena
1474 4485 1753 4586 pedum
1790 4487 2211 4562 circumdat
2244 4490 2549 4563 vincula
2584 4490 2879 4588 plantis,

916 4626 1113 4700 Tum
1148 4626 1363 4699 lateri
1404 4636 1629 4724 atque
1663 4625 1990 4700 humeris
2014 4627 2414 4726 Tegeaeum
2447 4629 2776 4728 subligat
2809 4654 3090 4724 ensem,
