3792 6234
900 955 1035 1032 192
1752 947 1845 1022 AE
1868 947 1950 1022 N
1973 947 2036 1022 E
2063 948 2098 1020 Ι
2123 949 2187 1022 S.
2781 973 2848 1023 v·
2889 949 3056 1024 643.

886 1145 1291 1244 Irritatque
1329 1147 1571 1221 virum
1604 1146 1795 1239 telis„
1844 1157 1921 1221 et
1956 1173 2142 1222 voce
2177 1147 2496 1222 lacessit.

883 1284 1132 1358 Instat
1166 1285 1287 1358 cui
1322 1286 1641 1377 Turum,
1688 1285 2279 1383 stridentemque
2317 1285 2608 1360 eminus
2643 1287 2932 1360 hastam

885 1419 1254 1522 Conjicit3
1315 1425 1443 1496 illa
1474 1425 1655 1498 dato
1690 1426 1918 1498 vertit
1953 1424 2272 1524 vestigia
2306 1435 2544 1524 tergo.

883 1562 1086 1635 Tum
1124 1588 1301 1636 vero
1327 1563 1619 1636 AEnean
1654 1588 1992 1638 aversum
2029 1575 2116 1637 ut
2151 1563 2418 1637 cedere
2446 1563 2746 1636 Turnus

882 1701 1246 1792 Credidit,
1288 1714 1512 1800 atque
1542 1702 1794 1775 animo
1820 1727 2026 1800 spem
2057 1701 2400 1775 turbidus
2431 1701 2679 1775 hausit
2709 1700 3057 1774 inanem:

749 1882 755 1889 ·
880 1840 1058 1924 Quo
1090 1837 1311 1939 fugiS,
1357 1833 1644 1914 AEnea?
1692 1841 2058 1914 thalamos
2094 1865 2192 1914 ne
2229 1841 2488 1914 desere
2523 1851 2822 1939 pactos:

880 1979 1050 2051 Hac
1085 1979 1391 2052 dabitur
1422 1979 1695 2052 dextra
1727 1980 1950 2053 tellus
1983 1979 2290 2077 quaesita
2325 2003 2458 2078 per
2495 1977 2754 2050 undas.

876 2116 1091 2189 Talia
1127 2117 1548 2191 vociferans
1582 2118 1940 2215 sequitur,
1989 2117 2483 2214 strictumque
2519 2127 2864 2190 coruscat

879 2255 1369 2346 Mucronem;
1431 2281 1574 2330 nec
1607 2255 1804 2328 ferre
1840 2255 2049 2330 videt
2084 2281 2220 2328 sua
2251 2255 2530 2354 gaudia
2563 2265 2849 2328 ventos

1028 2393 1247 2468 Forte
1282 2394 1481 2486 ratiS‚
1532 2395 1709 2468 celsi
1748 2393 2159 2492 conjuncta
2195 2394 2580 2492 crepidine
2617 2394 2799 2484 saxi,

877 2533 1255 2632 Expositis
1291 2533 1537 2607 stabat
1572 2534 1788 2607 scalis
1824 2546 1901 2607 et
1937 2547 2166 2632 ponte
2202 2546 2486 2632 parate,

880 2671 1057 2758 Qua
1091 2697 1226 2744 rex
1265 2671 1591 2745 Clusinis
1630 2670 1990 2745 advectus
2030 2671 2334 2745 Osinius
2370 2671 2536 2745 oris,

882 2810 1059 2882 Huc
1104 2835 1262 2884 sese
1298 2809 1592 2907 trepida
1622 2810 1875 2883 AEneae
1908 2809 2273 2909 fugientis
2311 2809 2562 2909 imago

882 2947 1213 3046 Conjicit
1250 2949 1328 3022 in
1368 2949 1723 3040 latebras3
1784 2973 1931 3022 nec
1959 2949 2258 3021 Turnus
2295 2949 2599 3047 segnior
2633 2949 2886 3039 instat,

878 3088 1447 3186 Exsuperatque
1482 3111 1743 3180 moras
1792 3102 1869 3160 et
1904 3098 2168 3185 po'ntes
2205 3085 2533 3160 transilit
2570 3086 2779 3160 altos.

876 3227 1030 3300 Vix
1067 3252 1361 3326 proram
1400 3227 1775 3325 attigerat,
1824 3225 2104 3324 rumpit
2141 3225 2490 3299 Saturnia
2521 3223 2806 3316 funem,

878 3365 1383 3463 Avulsamque
1420 3365 1616 3464 rapit
1649 3366 1990 3439 revoluta
2025 3389 2158 3463 per
2191 3389 2484 3461 aequora
2520 3389 2812 3437 navem.

882 3502 1105 3576 Illum
1141 3517 1393 3576 autem
1428 3505 1699 3576 AEneas
1742 3503 2128 3601 absentem
2168 3503 2244 3575 in
2283 3501 2541 3600 proelia
2575 3501 2853 3600 poscit:

878 3641 1124 3716 Obvia
1158 3643 1397 3715 multa
1431 3642 1671 3714 virum
1708 3641 2041 3715 demittit
2077 3665 2390 3739 corpora
2423 3641 2669 3714 morti.

1024 3782 1219 3854 Tum
1253 3780 1434 3882 levis
1470 3781 1673 3854 haud
1704 3781 1902 3854 ultra
1936 3779 2256 3853 latebras
2281 3778 2440 3878 jam
2472 3779 2734 3877 quaerit
2769 3777 3042 3878 imagO,

878 3918 1019 3992 Sed
1058 3919 1371 3992 sublime
1406 3919 1664 3991 volans
1702 3919 1887 3992 nubi
1924 3944 2000 3991 se
2039 3919 2445 3992 immiscuit
2480 3933 2695 3994 atrae:

880 4045 1137 4142 Quum
1166 4058 1509 4131 Turnum
1544 4057 1792 4130 medio
1832 4059 2121 4130 interea
2153 4056 2303 4131 fert
2339 4082 2630 4156 aequore
2669 4058 2912 4132 turbo,

877 4195 1209 4295 Respicit
1248 4197 1551 4296 ignarus
1587 4221 1858 4287 rerum,
1910 4197 2396 4295 ingratusque
2433 4196 2728 4287 salutis3

876 4335 977 4408 Et
1013 4334 1345 4434 duplices
1384 4361 1557 4407 cum
1594 4359 1779 4407 voce
1817 4359 2082 4407 manus
2121 4335 2216 4406 ad
2253 4335 2497 4408 sidera
2531 4335 2816 4409 tendit:

877 4474 1374 4572 Omnipotens
1412 4473 1731 4572 genitor,
1778 4476 2073 4545 tanton’
2111 4497 2230 4546 me
2271 4473 2586 4546 crimine
2623 4473 2942 4574 dignum

879 4613 1235 4687 Duxisti?
1289 4625 1366 4688 et
1400 4615 1587 4688 tales
1623 4612 1922 4686 voluisti
1961 4613 2388 4712 expendere
2423 4613 2720 4712 poenas?
