3792 6234
878 1030 972 1101 78
1737 1017 1830 1091 AE
1851 1016 1931 1089 N
1958 1016 2023 1089 E
2046 1016 2083 1088 I
2108 1016 2173 1088 S.
2764 1038 2828 1087 v.
2878 1014 3030 1090 126.

871 1216 1118 1291 Prima
1152 1216 1398 1289 locare
1429 1238 1663 1289 manu
1695 1213 2087 1311 molirique
2124 1236 2401 1312 aggere
2436 1222 2660 1285 tecta.

869 1356 1054 1429 Haec
1087 1367 1248 1429 erat
1283 1354 1408 1429 illa
1441 1351 1712 1442 fames;
1771 1354 1931 1425 haec
1966 1376 2101 1425 nos
2137 1374 2481 1449 suprema
2512 1349 2889 1440 manebat,

869 1491 1138 1568 Exitiis
1175 1493 1507 1591 positura
1540 1491 1868 1565 modum.

867 1632 1124 1718 Quare
1159 1632 1386 1731 agite,
1433 1642 1513 1705 et
1545 1631 1785 1730 primo
1817 1628 1968 1703 laeti
2004 1654 2179 1703 cum
2214 1628 2497 1703 lumine
2534 1628 2705 1701 solis

865 1770 1056 1855 Quae
1089 1772 1276 1862 loca,
1309 1770 1531 1868 quive
1559 1768 1890 1843 habeant
1918 1768 2278 1860 homines,
2312 1768 2441 1841 ubi
2466 1766 2743 1841 moenia
2767 1765 3036 1869 gentiS,

865 1909 1364 2009 Vestigemus,
1415 1919 1493 1981 et
1527 1932 1574 1979 a
1603 1919 1827 2006 portu
1862 1906 2159 1980 diversa
2190 1917 2552 2005 petamuS.

865 2048 1102 2123 Nunc
1135 2060 1428 2148 pateras
1465 2048 1694 2121 libate
1724 2046 1772 2120 J
1778 2046 1923 2137 ovi,
1970 2045 2462 2144 precibusque
2500 2056 2767 2118 vocate

865 2186 1250 2260 Anchisen
1288 2185 1728 2285 genitorem,
1777 2196 1856 2258 et
1889 2184 2067 2257 vina
2100 2182 2439 2281 reponite
2474 2180 2769 2256 mensis.

863 2324 983 2398 Sic
1019 2323 1294 2399 deinde
1329 2323 1618 2415 effatus,
1663 2322 2053 2397 frondenti
2088 2334 2427 2419 tempora
2461 2344 2669 2393 ramo

868 2462 1235 2561 Implicat,
1286 2474 1362 2536 et
1393 2461 1873 2558 Geniumque
1911 2460 2080 2551 loci,
2122 2458 2589 2558 primamque
2622 2456 2933 2531 deorum

863 2602 1262 2691 Tellurem,
1311 2598 1871 2697 Nymphasque,
1920 2610 1999 2671 et
2033 2598 2281 2671 adhuc
2320 2598 2583 2696 ignota
2614 2607 2965 2694 precatur

867 2738 1245 2811 Flumina:
1302 2749 1465 2810 tum
1507 2737 1858 2829 Noctem,
1908 2736 2329 2833 Noctisque
2363 2734 2685 2808 orientia
2718 2733 2957 2833 signa,
3014 2723 3019 2727 ⁵

865 2874 1292 2973 Idaeumque
1326 2874 1374 2948 J
1378 2899 1616 2966 ovem,
1664 2873 2219 2973 Phrygiamque
2254 2898 2350 2947 ex
2388 2872 2649 2947 ordine
2684 2883 3023 2962 matrem,

863 3015 1202 3105 Invocat,
1253 3026 1329 3086 et
1365 3012 1698 3111 duplices
1737 3012 2093 3109 Coeloque
2129 3011 2521 3108 Ereboque
2558 3023 2925 3108 parentes.

863 3152 1012 3225 Hic
1043 3164 1258 3251 pater
1291 3150 1764 3249 omnipotens
1799 3162 1918 3223 ter
1952 3151 2139 3225 coelo
2175 3148 2419 3223 clarus
2456 3150 2551 3222 ab
2586 3149 2740 3222 alto

865 3288 1229 3381 Intonuit,
1278 3289 1649 3385 radiisque
1692 3288 2083 3363 ardentem
2120 3284 2307 3361 lucis
2342 3300 2421 3361 et
2462 3312 2644 3361 auro

863 3430 1032 3527 Ipse
1069 3454 1298 3502 manu
1337 3428 1680 3526 qutiens
1717 3428 2049 3501 ostendit
2086 3427 2179 3500 ab
2214 3429 2487 3501 aethere
2525 3426 2827 3500 nubem.

861 3567 1173 3641 Diditur
1207 3567 1330 3640 hic
1369 3566 1619 3639 subito
1646 3564 1973 3663 Trojana
2007 3592 2139 3663 per
2174 3564 2479 3665 agmina
2512 3589 2783 3656 rumor,

861 3704 1271 3778 Advenisse
1309 3704 1508 3777 diem
1545 3729 1692 3802 quo
1728 3703 1985 3777 debita
2018 3704 2297 3777 moenia
2326 3701 2679 3776 condant.

867 3842 1230 3917 Certatim
1269 3843 1692 3917 instaurant
1728 3842 2001 3940 epulas,
2052 3854 2274 3939 atque
2312 3842 2562 3915 omine
2598 3864 2876 3940 magno

867 3980 1212 4054 Crateras
1246 3981 1394 4055 laeti
1430 3993 1794 4073 statuunt,
1845 3993 1925 4055 et
1956 3980 2136 4054 vina
2173 3991 2560 4055 coronant.

1013 4118 1320 4192 Postera
1355 4144 1585 4216 quum
1622 4119 1862 4217 prima
1897 4118 2261 4192 lustrabat
2296 4116 2639 4216 lampade
2676 4129 2907 4190 terras

865 4258 1055 4331 Orta
1089 4257 1268 4349 dies,
1317 4257 1598 4350 urbem,
1647 4270 1724 4331 et
1759 4258 1965 4347 fineS,
2014 4268 2091 4329 et
2124 4256 2379 4329 littora
2411 4254 2680 4354 gentis,

866 4394 1164 4469 Diversi
1203 4396 1634 4494 explorant:
1693 4396 1848 4467 haec
1883 4392 2115 4467 fontis
2150 4408 2421 4493 stagna
2456 4392 2789 4484 Numici,

866 4534 1097 4607 Hunc
1123 4534 1484 4632 Thybrim
1519 4534 1848 4623 fluvium,
1895 4532 2020 4605 hic
2054 4531 2284 4605 fortes
2322 4531 2661 4605 habitare
2694 4530 3021 4605 Latinos·

863 4674 1056 4746 Tum
1093 4684 1294 4749 satus
1330 4672 1662 4746 Anchisa
1698 4672 2028 4745 delectos
2064 4670 2326 4743 ordine
2364 4670 2457 4743 ab
2494 4669 2695 4743 omni
