3792 6234
914 979 1047 1053 190
1758 975 2191 1049 AENEIS.
2777 1000 2844 1048 v.
2883 981 3050 1059 59'1.

902 1165 1224 1267 Lucage,
1270 1171 1473 1244 nulla
1504 1182 1671 1245 tuos
1708 1197 1964 1247 currus
1997 1173 2184 1273 fuga
2214 1173 2462 1273 segnis
2499 1195 2854 1270 equorum

900 1303 1258 1396 Prodidit,
1304 1320 1435 1381 aut
1466 1333 1673 1383 vanae
1706 1325 1998 1385 vertere
2043 1336 2139 1385 ex
2171 1311 2506 1384 hostibus
2542 1310 2858 1384 umbrae:

899 1442 1068 1542 Ipse
1103 1444 1283 1517 rotis
1320 1444 1583 1519 saliens
1605 1445 1797 1546 juga
1829 1447 2124 1522 deseris.
2220 1448 2403 1521 Haec
2438 1449 2543 1522 ita
2574 1446 2792 1536 fatus,

897 1580 1233 1680 Arripuit
1263 1580 1575 1682 bijugos.
1670 1583 1926 1658 Frater
1959 1585 2317 1658 tendebat
2351 1585 2668 1660 inermes

898 1717 1179 1791 Infelix
1212 1720 1508 1817 palmas,
1556 1745 1779 1794 curru
1812 1722 2150 1822 delapsus
2187 1722 2486 1797 eodem:

896 1853 1041 1928 Per
1073 1867 1170 1946 te,
1215 1881 1349 1955 per
1378 1857 1503 1954 qui
1538 1837 1615 1933 te
1650 1859 1873 1933 talem
1910 1883 2240 1959 genuere
2269 1869 2632 1959 parentes,

898 1991 1039 2065 Vir
1056 1994 1396 2093 Trojane,
1432 1995 1587 2069 sine
1615 1996 1809 2070 hanc
1835 1997 2174 2087 animam,
2209 2011 2287 2072 et
2311 1998 2657 2072 miserere
2676 1996 3067 2096 precantis.

896 2128 1235 2206 Pluribus
1270 2134 1513 2206 oranti
1546 2133 1849 2208 AEneas:
1908 2134 2130 2208 Haud
2173 2135 2352 2209 talia
2383 2134 2668 2208 dudum

896 2267 1129 2342 Dicta
1159 2269 1417 2344 dabas:
1476 2296 1781 2360 morere,
1829 2284 1908 2346 et
1939 2271 2244 2346 fratrem
2279 2297 2378 2346 ne
2411 2272 2668 2346 desere
2700 2271 2952 2346 frater.

895 2405 1090 2478 Tum
1125 2407 1439 2480 latebras
1473 2408 1753 2498 animae,
1796 2423 2077 2507 pectuS,
2121 2434 2480 2483 mucrone
2511 2409 2852 2484 recludit.

895 2543 1105 2616 Talia
1135 2568 1268 2642 per
1300 2568 1593 2644 campos
1630 2544 1900 2618 edebat
1931 2544 2196 2618 funera
2227 2545 2501 2620 ductor

896 2680 1339 2770 Dardanius»,
1384 2681 1735 2755 torrentis
1769 2706 1974 2780 aquae
2008 2684 2128 2756 vel
2161 2681 2477 2756 turbinis
2512 2682 2654 2756 atri

900 2817 1117 2892 More
1140 2817 1414 2892 furens.
1468 2819 1805 2893 Tandem
1834 2832 2232 2920 erumpunt
2261 2833 2337 2893 et
2365 2831 2606 2893 castra
2632 2818 3064 2917 relinquunt

895 2955 1256 3032 Ascanius
1290 2979 1475 3053 puer
1506 2970 1585 3030 et
1616 2956 2115 3054 nequidquam
2149 2957 2444 3032 obsessa
2461 2956 2838 3056 juventus.

1041 3091 1089 3166 J
1096 3117 1421 3166 unonem
1455 3093 1741 3167 interea
1774 3095 2168 3192 compellat
2197 3093 2245 3168 J
2249 3093 2542 3194 uppiter
2573 3095 2806 3168 ultro:

896 3229 967 3304 O
1001 3254 1357 3329 germana
1385 3230 1571 3304 mihi
1604 3243 1827 3328 atque
1862 3231 2118 3304 eadem
2153 3232 2570 3330 gratissima
2601 3230 2898 3330 conjux,

896 3368 1010 3443 Ut
1032 3355 1319 3457 rebare,
1358 3367 1635 3458 Venus,
1682 3391 1824 3441 nec
1859 3380 1937 3442 te
1971 3367 2342 3442 sententia
2371 3368 2583 3458 fallit,
2895 3339 2904 3348 ‘

896 3504 1249 3604 Trojanas
1285 3516 1651 3580 sustentat
1684 3529 1891 3603 opes:
1949 3528 2105 3579 non
2137 3505 2388 3579 vivida
2419 3503 2614 3579 bello

896 3643 1191 3718 Dextra
1221 3641 1417 3733 viriS,
1462 3641 1894 3740 animusque
1927 3641 2162 3731 ferox,
2206 3642 2636 3741 patiensque
2667 3641 2946 3741 pericli.

900 3779 1043 3855 Cui
1074 3778 1122 3853 J
1128 3803 1278 3854 uno
1314 3777 1703 3872 submissa:
1762 3777 1992 3868 Quid,
2039 3804 2085 3853 o
2117 3779 2612 3877 pulcherrime
2647 3780 2945 3880 conjux,

895 3917 1254 3992 Sollicitas
1288 3940 1561 4014 aegram
1596 3929 1673 3990 et
1706 3927 1835 3990 tua
1867 3915 2108 3989 tristia
2140 3915 2346 3991 dicta
2375 3916 2807 3991 timentem?

790 4087 797 4092 ·
896 4054 969 4129 Si
996 4054 1199 4146 mihi,
1236 4078 1397 4151 quae
1423 4052 1798 4150 quondam
1824 4051 2088 4144 fuerat,
2125 4078 2490 4151 quamque
2526 4079 2683 4128 esse
2710 4053 3044 4148 decebat,

861 4192 1029 4266 -Vis
1066 4191 1143 4265 in
1178 4215 1425 4264 amore
1460 4189 1691 4278 foret3
1750 4214 1905 4264 non
1938 4190 2082 4264 hoc
2115 4191 2298 4264 mihi
2333 4217 2650 4290 namque
2685 4217 3017 4292 negareS,

896 4328 1421 4429 Omnipotens:
1478 4327 1657 4426 quin
1695 4338 1771 4400 et
1800 4351 2070 4427 pugnae
2103 4328 2522 4404 subducere
2542 4331 2902 4422 Turnum,

898 4467 997 4541 Et
1028 4467 1300 4540 Dauno
1333 4489 1619 4565 possem
1656 4465 2102 4538 incolumem
2137 4490 2426 4540 servare
2457 4468 2766 4566 parenti.

898 4605 1131 4680 Nunc
1166 4615 1435 4705 pereat,
1473 4603 1926 4701 Teucrisque
1956 4603 2080 4702 pio
2115 4603 2246 4678 det
2277 4605 2640 4704 sanguine
2672 4629 2940 4708 poenas.
