3792 6234
637 1010 704 1060 v.
743 992 912 1063 255.
1417 983 1806 1059 LIBER.
1885 945 2039 1061 'vr
2710 993 2810 1068 47

637 1183 785 1258 Sub
820 1180 1135 1282 pedibus
1170 1182 1466 1282 mugire
1500 1184 1760 1274 solum,
1807 1193 1885 1257 et
1908 1180 2099 1281 juga
2132 1193 2377 1282 coepta
2408 1180 2695 1257 moveri

639 1322 1048 1421 Sylvarum,
1093 1321 1410 1419 visaeque
1447 1344 1672 1397 canes
1707 1322 1995 1395 ululare
2030 1346 2163 1419 per
2196 1320 2559 1413 umbram,

637 1459 1125 1535 Adventante
1159 1458 1322 1532 dea.
1433 1457 1708 1535 Procul
1737 1482 1806 1550 ο,
1848 1459 2113 1558 procul
2146 1471 2324 1551 este,
2369 1457 2686 1557 profani,

641 1598 1089 1673 Conclamat
1121 1609 1352 1689 vates,
1399 1606 1708 1695 totoque
1743 1595 2079 1671 absistite
2113 1598 2309 1671 luco,

636 1738 904 1835 Tuque
935 1735 1208 1811 invade
1241 1736 1462 1827 viam,
1506 1734 1933 1835 vaginaque
1966 1736 2171 1835 eripe
2204 1734 2531 1811 sermm:

641 1875 877 1950 Nunc
912 1874 1180 1949 animis
1213 1898 1416 1974 opuS,
1461 1875 1719 1966 AEnea,
1765 1900 1977 1949 nunc
2010 1886 2315 1973 pectore
2348 1876 2583 1949 firmo,

638 2012 968 2088 Tantum
1003 2012 1254 2105 effata,
1296 2010 1555 2087 furens
1591 2021 1812 2087 antro
1844 2037 1924 2087 se
1960 2012 2268 2087 immisit
2310 2024 2607 2111 aperto:

643 2152 782 2225 Ille
816 2152 1086 2226 ducem
1123 2149 1327 2225 haud
1361 2149 1642 2225 timidis
1675 2150 2080 2225 vadentem
2112 2149 2447 2249 passibus
2480 2162 2745 2249 aequat.

789 2289 897 2363 Di
939 2288 1210 2389 quibus
1265 2288 1658 2389 imperium
1715 2300 1830 2365 est
1887 2289 2329 2382 animarum,
2390 2289 2813 2388 umbraeque

933 2427 1263 2519 silenteS‚

641 2564 744 2639 Et
779 2564 1046 2657 Chaos,
1092 2576 1171 2638 et
1205 2564 1696 2665 Phlegethon,
1741 2565 1913 2639 loca
1944 2575 2172 2639 nocte
2208 2563 2547 2641 tacentia
2577 2564 2753 2657 late,

645 2702 755 2775 Sit
787 2701 971 2775 mihi
1001 2700 1118 2777 fas
1151 2700 1412 2777 audita
1441 2701 1666 2801 loqui,
1714 2701 1812 2776 sit
1845 2702 2158 2778 numine
2193 2714 2445 2778 vestro

647 2838 988 2914 Pandere
1021 2865 1140 2915 res
1177 2841 1332 2915 alta
1361 2850 1564 2915 terra
1597 2852 1676 2915 et
1710 2840 2035 2941 caligine
2072 2866 2367 2917 mersas.

648 2978 876 3053 Ibant
910 2978 1206 3053 obscuri
1242 2980 1398 3053 sola
1430 2978 1568 3053 sub
1603 2990 1830 3053 nocte
1863 3004 2000 3077 per
2032 2979 2397 3071 umbram,

647 3114 935 3216 Perque
970 3115 1228 3191 domos
1262 3116 1464 3191 Ditis
1495 3140 1772 3191 vacuas
1807 3127 1885 3191 et
1913 3116 2183 3191 inania
2214 3142 2487 3217 regna:

649 3254 895 3339 Quale
930 3280 1067 3353 per
1099 3255 1468 3329 incertam
1503 3255 1758 3329 lunam
1798 3254 1937 3330 sub
1972 3256 2141 3330 luce
2177 3255 2509 3355 maligna

648 3392 784 3467 Est
817 3393 964 3469 iter
1001 3394 1081 3467 in
1116 3393 1364 3492 sylviS,
1410 3392 1540 3469 ubi
1575 3395 1846 3468 coelum
1883 3393 2227 3467 condidit
2260 3392 2527 3468 umbra

647 3530 696 3605 J
701 3531 1018 3631 uppiter,
1065 3544 1143 3605 et
1175 3532 1398 3607 rebus
1431 3554 1588 3607 nox
1626 3530 1936 3607 abstulit
1970 3543 2135 3607 atra
2170 3531 2517 3605 colorem.

649 3669 1127 3745 Vestibulum
1161 3682 1342 3745 ante
1377 3670 1640 3770 ipsum,
1679 3668 2081 3770 primisque
2118 3671 2195 3743 in
2230 3668 2577 3744 faucibus
2606 3668 2809 3762 Orci,

653 3806 936 3883 Luctus
971 3820 1051 3882 et
1083 3808 1387 3883 ultrices
1420 3832 1734 3907 posuere
1770 3806 2049 3883 cubilia
2086 3808 2343 3898 Curae3

651 3924 1174 4044 Pallentesque
1209 3944 1560 4021 habitant
1593 3945 1868 4039 Morbi,
1918 3946 2292 4045 tristisque
2330 3948 2713 4038 SenectuS,
2827 4048 2835 4057 .

651 4082 753 4158 Et
788 4084 1066 4177 Metus,
1113 4096 1192 4158 et
1221 4084 1654 4161 malesuada
1685 4084 1969 4178 Fames,
2014 4110 2102 4159 ac
2136 4084 2371 4185 turpis
2410 4085 2744 4185 Egestas,

652 4219 1050 4297 Terribiles
1083 4220 1248 4297 visu
1279 4220 1536 4297 formae
1551 4251 1572 4314 3
1635 4221 2075 4322 Letumque,
2120 4222 2547 4321 Labosque3

653 4358 846 4434 Tum
884 4361 1488 4461 consanguineus
1525 4360 1696 4437 Leti
1731 4362 1980 4461 Sopor,
2026 4373 2106 4437 et
2136 4362 2335 4436 mala
2364 4362 2641 4437 mentis

658 4498 978 4591 Gaudia,
1022 4496 1639 4598 mortiferumque
1673 4498 1988 4574 adverso
2022 4499 2100 4573 in
2134 4498 2396 4575 limine
2432 4500 2745 4592 Bellum,

656 4635 714 4711 F
714 4634 1052 4736 erreique
1077 4636 1583 4713 Eumenidum
1613 4637 1943 4729 thalami,
1980 4649 2059 4712 et
2086 4636 2481 4713 Discordia
2507 4637 2841 4732 demens,
