3792 6234
733 985 953 1058 v.s9.
1523 949 1911 1050 LIBER
2008 975 2101 1048 v,
2854 983 2898 1048 s

729 1173 1099 1246 Gratatur
1131 1170 1482 1262 reduces3
1543 1184 1622 1246 et
1655 1197 1842 1271 gaza
1876 1174 2084 1248 laetus
2121 1172 2395 1271 agresti

729 1309 1057 1408 Excipit,
1105 1335 1195 1384 ac
1229 1309 1458 1384 fessos
1495 1309 1756 1409 opibus
1791 1312 2075 1386 solatur
2110 1310 2387 1384 amicis,

879 1449 1185 1523 Postera
1217 1475 1448 1547 quum
1482 1448 1722 1548 primo
1755 1449 2005 1522 stellas
2043 1449 2332 1522 oriente
2367 1446 2671 1554 fugarat

733 1585 959 1661 Clara
993 1587 1171 1679 dies,
1221 1586 1456 1659 socios
1492 1585 1572 1659 in
1611 1598 1886 1663 coetum
1922 1587 2174 1660 littore
2212 1585 2303 1657 ab
2340 1585 2545 1659 omni

728 1725 1078 1798 Advocat
1110 1725 1403 1816 AEneaS‚
1449 1723 1866 1821 tumulique
1912 1749 2011 1798 ex
2046 1747 2325 1823 aggere
2358 1721 2599 1798 fatur:

730 1862 1186 1940 Dardanidae
1220 1862 1500 1962 magni,
1546 1887 1787 1961 genus
1824 1863 1979 1935 alto
2012 1887 2058 1934 a
2091 1861 2458 1961 sanguine
2494 1860 2768 1950 divum,

729 1998 1375 2076 Annuusexactis
1414 2001 1835 2098 completur
1867 1999 2247 2073 mensibus
2286 1999 2502 2090 orbiS,

727 2138 848 2214 Ex
882 2163 1031 2236 quo
1067 2137 1441 2236 relliquias
1478 2137 1863 2234 divinique
1900 2161 2063 2210 ossa
2096 2136 2427 2235 parentis

730 2275 1224 2352 Condidimus
1259 2289 1480 2368 terra,
1525 2288 1963 2374 maestasque
2001 2275 2453 2348 sacravimus
2491 2299 2673 2348 aras.

724 2415 1046 2512 Jamque
1073 2414 1253 2507 dies,
1293 2413 1375 2487 ni
1400 2413 1638 2505 fallor,
1675 2413 1908 2506 adest,
1943 2437 2165 2511 quem
2195 2437 2486 2511 semper
2514 2412 2885 2502 acerbum,

728 2554 1032 2650 Semper
1064 2553 1514 2626 honoratum
1556 2550 1699 2648 (sic
1734 2551 1811 2624 di
1847 2551 2221 2648 voluistis)
2261 2550 2573 2624 habebo,

729 2692 962 2766 Hunc
997 2715 1140 2790 ego
1178 2689 1492 2765 Gaetulis
1531 2714 1832 2789 agerem
1869 2687 1930 2762 si
1965 2689 2293 2787 syrtibus
2328 2689 2561 2780 exsul,

726 2828 1178 2927 Argolicove
1211 2826 1398 2900 man‘
1437 2827 1863 2926 deprensus,
1913 2839 1992 2901 et
2027 2826 2210 2901 urbe
2248 2826 2637 2925 My‘cenae3

725 2968 1008 3039 Annua
1039 2977 1218 3039 vota
1249 2977 1507 3038 tamen
1544 2965 2060 3062 solemnesque
2094 2964 2356 3038 ordine
2397 2989 2701 3064 pompas

727 3103 1217 3201 Exsequerer,
1263 3115 1772 3199 strueremque
1810 3103 1959 3176 suis
1996 3101 2261 3176 altaria
2293 3101 2528 3176 donis.

727 3241 963 3314 Nunc
998 3241 1200 3315 ultro
1235 3241 1330 3314 ad
1367 3241 1656 3314 cineres
1691 3239 1919 3338 ipsius
1958 3252 2036 3314 et
2068 3264 2231 3314 ossa
2262 3241 2613 3338 parentis,

730 3378 957 3452 Haud
988 3378 1334 3476 equidem
1362 3377 1523 3451 sine
1551 3391 1828 3471 mente,
1865 3402 2053 3470 reor,
2087 3377 2249 3452 sine
2276 3378 2588 3452 numine
2610 3375 2885 3469 divum,

727 3516 1124 3607 Adsumus‚
1173 3527 1253 3589 et
1285 3527 1542 3613 portus
1578 3515 1810 3589 delati
1846 3516 2211 3590 intramus
2248 3516 2543 3590 amicos.

725 3655 930 3754 Ergo
966 3655 1190 3752 agite,
1240 3667 1316 3727 et
1351 3654 1601 3728 laetum
1641 3653 1903 3728 cuncti
1940 3653 2398 3728 celebremus
2435 3655 2832 3730 honoremz

726 3793 1128 3866 Poscamus
1162 3785 1448 3884 ventOS,
1499 3803 1722 3891 atque
1757 3793 1919 3865 haec
1952 3817 2073 3867 me
2110 3817 2322 3880 sacra
2355 3793 2753 3889 quotannis

726 3931 935 4006 Urbe
969 3930 1152 4003 velit
1186 3929 1426 4029 posita
1461 3929 1754 4027 templis
1798 3929 1937 4003 sibi
1970 3928 2166 4005 ferre
2201 3929 2490 4004 dicatis.

728 4067 918 4142 Bina
954 4068 1182 4141 boum
1217 4067 1425 4141 vobis
1459 4066 1684 4164 Troja
1723 4079 2126 4166 generatus
2160 4069 2469 4141 Acestes

727 4205 886 4279 Dat
920 4229 1234 4280 numero
1270 4205 1520 4304 capita
1551 4204 1632 4277 in
1667 4229 1935 4278 naves:
1994 4203 2345 4278 adhibete
2380 4203 2697 4280 Penates

726 4343 828 4418 Et
861 4342 1136 4442 patrios
1173 4343 1427 4441 epulis,
1475 4355 1552 4417 et
1585 4366 1768 4440 quos
1807 4342 1988 4417 colit
2022 4343 2283 4441 hospes
2317 4345 2646 4418 Acestes.

726 4480 1116 4572 Praeterea,
1161 4481 1221 4554 si
1257 4504 1462 4553 nona
1494 4479 1696 4554 diem
1731 4479 2165 4554 mortalibus
2201 4482 2477 4554 almum

724 4620 1018 4693 Aurora
1053 4617 1430 4710 extulerit,
1475 4616 1848 4714 radiisque
1880 4617 2244 4694 retexerit
2278 4619 2555 4708 orbem,
