3792 6234
607 1028 674 1093 ν’.
713 1027 878 1101 771.
1284 1020 1290 1027 ’
1393 1014 1784 1093 LIBER
1880 1017 1978 1091 X.
2634 1026 2771 1103 197

603 1216 855 1314 Atque
888 1213 1122 1291 oculis
1155 1212 1476 1313 spatium
1511 1238 1854 1291 emensus
1888 1226 2255 1312 quantum
2288 1212 2465 1290 satis
2498 1215 2762 1290 hastae:

607 1354 902 1427 Dextra
935 1351 1120 1425 mihi
1153 1350 1358 1444 deus,
1403 1364 1481 1425 e't
1517 1353 1751 1427 telum
1786 1352 1985 1450 quod
2022 1352 2293 1427 missile
2328 1352 2539 1446 libr0,

611 1490 848 1565 Nunc
885 1488 1152 1563 adsint.
1239 1491 1498 1563 Voveo
1530 1490 1893 1588 praedonis
1930 1514 2237 1589 corpore
2274 1490 2499 1589 raptis

607 1628 974 1705 Indutum
1007 1627 1259 1726 spoliis
1295 1626 1532 1725 ipsum
1567 1642 1664 1719 te,
1712 1628 1973 1720 Lause,
2019 1642 2377 1727 tropaeum

606 1768 879 1843 AEneae.
975 1766 1218 1858 Dixit,
1263 1766 1852 1866 stridentemque
1889 1766 2180 1841 eminus
2216 1768 2505 1841 hastam

607 1905 902 2004 Injicit:
959 1906 1084 1980 illa
1119 1905 1378 1982 volans
1413 1906 1677 2003 clypeo
1709 1918 1825 1979 est
1860 1930 2193 1998 excussa,
2238 1907 2645 2003 proculque

605 2044 1018 2143 Egregium
1050 2044 1416 2117 Antorem
1449 2044 1643 2117 latus
1677 2043 1878 2116 inter
1911 2054 1988 2116 et
2022 2043 2149 2117 ilia
2180 2043 2365 2143 figit,

607 2182 954 2256 Herculis
988 2182 1354 2257 Antorem
1393 2180 1766 2272 comitem,
1813 2182 1939 2280 qui
1974 2182 2235 2255 missus
2272 2180 2363 2255 ab
2398 2181 2619 2281 Argis

609 2320 945 2394 Haeserat
980 2320 1350 2412 Evandm,
1399 2333 1622 2418 atque
1658 2319 1856 2392 Itala
1889 2320 2327 2393 consederat
2363 2319 2567 2393 urbe.

609 2457 982 2532 Sternitur
1018 2456 1281 2532 infelix
1317 2458 1564 2532 alieno
1599 2458 1928 2549 vulnere,
1976 2458 2389 2555 coelumque

607 2596 969 2694 Adspicit,
1018 2606 1095 2668 et
1131 2596 1386 2670 dulces
1423 2595 1746 2669 moriens
1781 2596 2286 2669 reminiscitur
2316 2597 2578 2694 Argos,

606 2733 800 2807 Tum
837 2734 1002 2831 pius
1029 2732 1300 2807 AEneas
1337 2734 1626 2806 hastam
1649 2730 1877 2830 jacit:
1936 2733 2065 2806 illa
2098 2758 2229 2831 per
2262 2732 2519 2807 orbem

603 2872 778 2945 AEre
813 2896 1080 2945 cavum
1115 2870 1410 2968 triplici,
1459 2896 1593 2967 per
1625 2870 1825 2945 linea
1858 2883 2093 2969 terga,
2138 2870 2523 2969 tribusque

603 3008 931 3083 Transiit
967 3008 1348 3081 intextum
1381 3008 1612 3081 tauris
1649 3034 1852 3105 opus,
1901 3008 2194 3107 imaque
2228 3008 2419 3083 sedit

607 3146 972 3247 Inguine3
1029 3146 1160 3220 sed
1195 3144 1388 3219 vires
1422 3146 1626 3219 haud
1661 3146 1987 3244 pertulit.
2076 3146 2307 3221 Ocius
2346 3172 2597 3223 ensem

603 3286 896 3377 AEneaS‚
942 3284 1100 3359 viso
1127 3282 1499 3382 Tyrrheni
1533 3285 1922 3383 sanguine,
1971 3285 2198 3377 laetuS,

605 3423 847 3522 Eripit
881 3447 928 3495 a
959 3422 1260 3512 femine,
1309 3434 1388 3495 et
1423 3422 1831 3519 trepidanti
1865 3421 2195 3497 fervidus
2230 3422 2482 3497 instat.

604 3561 993 3659 Ingemuit
1029 3559 1180 3634 cari
1216 3560 1549 3659 graviter
1581 3559 1943 3657 genitoris
1984 3585 2254 3653 amore,

605 3699 715 3773 Ut
749 3698 960 3790 vidit,
1011 3697 1314 3788 LausuS,
1361 3698 1852 3795 lacrymaeque
1889 3724 2022 3797 per
2055 3723 2185 3772 ora
2216 3700 2505 3773 volutae.

607 3836 753 3909 Hic
787 3835 1044 3909 mortis
1079 3835 1282 3910 durae
1317 3860 1592 3927 casum,
1640 3848 1918 3933 tuaque
1954 3838 2237 3936 optima
2266 3836 2491 3928 facta,

608 3973 680 4047 Si
717 3998 866 4071 qua
897 3973 1120 4048 fidem
1151 3985 1370 4047 tanto
1405 3984 1516 4047 est
1553 3974 1756 4071 operi
1792 3975 2037 4047 latura
2070 3988 2419 4067 vetustas,

607 4112 685 4186 Ν
690 4136 787 4185 on
825 4110 1188 4209 equidem,
1234 4136 1380 4185 nec
1415 4124 1512 4204 te,
1564 4110 1864 4211 juvenis
1902 4114 2400 4205 memorande,
2448 4113 2698 4189 silebo,

607 4252 744 4324 Ille
781 4252 1048 4350 pedem
1085 4250 1435 4343 referens,
1483 4264 1560 4325 et
1595 4252 1898 4343 inutilis,
1949 4252 2172 4350 inque
2209 4252 2502 4352 ligatuS‚

608 4388 968 4481 Cedebat,
1016 4388 1424 4487 clypeoque
1459 4388 1846 4463 inimicum
1879 4390 2149 4464 hastile
2185 4390 2549 4464 trahebat.

605 4526 950 4625 Prorupit
979 4525 1298 4625 juveniS,
1343 4550 1646 4623 seseque
1683 4526 2086 4602 immiscuit
2122 4529 2362 4602 armis,

601 4664 922 4765 Jamque
955 4663 1410 4765 assurgentis
1445 4662 1734 4756 dextra,
1783 4667 2229 4765 plagamque
2262 4665 2592 4757 ferentis,
