3792 6234
661 1028 728 1076 v.
769 1000 934 1077 306.
1437 1000 1827 1077 LIBER
1921 1002 2062 1077 VI.
2740 1011 2839 1089 49

663 1198 1246 1299 Magnanimum
1283 1200 1617 1293 heroum,
1661 1200 1898 1301 pueri,
1946 1201 2431 1302 innuptaeque
2464 1202 2749 1301 puellae,

663 1339 1150 1441 Impositique
1183 1340 1386 1440 rogis
1410 1338 1730 1439 juvenes
1765 1353 1947 1414 ante
1982 1364 2113 1414 ora
2146 1352 2589 1440 parentum:

663 1478 916 1563 Quam
949 1478 1193 1551 multa
1225 1477 1304 1551 in
1341 1479 1564 1577 sylvis
1601 1478 1948 1553 autumni
1980 1477 2266 1579 frigore
2298 1478 2543 1578 primo

663 1614 906 1715 Lapsa
939 1616 1228 1691 cadunt
1258 1615 1476 1708 folia3
1537 1629 1672 1691 aut
1705 1617 1804 1690 ad
1835 1628 2117 1692 terram
2154 1617 2459 1717 gurgite
2492 1616 2587 1691 ab
2624 1618 2778 1692 alto

664 1755 918 1840 Quam
949 1756 1204 1830 multae
1239 1756 1757 1854 glomerantur
1791 1780 1985 1848 aveS,
2030 1756 2163 1830 ubi
2196 1754 2517 1857 frigidus
2556 1780 2798 1831 annus

659 1894 898 1967 Trans
933 1906 1249 1994 pontum
1282 1893 1526 1995 fugat,
1575 1908 1652 1969 et
1685 1894 1903 1968 terris
1938 1894 2281 1971 immittit
2314 1895 2607 1994 apricis.

660 2032 975 2106 Stabant
1009 2043 1310 2107 orantes
1341 2032 1564 2131 primi
1597 2032 2111 2107 transmittere
2146 2058 2473 2125 cursum,

659 2170 1257 2270 Tendebantque
1291 2194 1582 2263 manua,
1627 2170 1804 2269 ripae
1835 2170 2211 2245 ulterioris
2248 2196 2520 2245 amore.

659 2308 946 2385 Navita
977 2309 1110 2383 sed
1143 2308 1378 2383 tristis
1413 2334 1623 2383 nunc
1659 2310 1794 2381 hos
1830 2334 2041 2383 nunc
2076 2309 2357 2408 accipit
2394 2310 2596 2402 illos3

659 2448 800 2521 Ast
833 2447 1013 2522 alios
1049 2448 1277 2547 longe
1313 2448 1694 2521 submotos
1731 2459 1941 2521 arcet
1976 2472 2225 2523 arena.

656 2586 951 2678 AEneas,
994 2584 1308 2659 miratus
1343 2585 1566 2678 enim,
1611 2598 2011 2685 motusque
2044 2588 2400 2681 tumultu,

659 2724 832 2819 Die,
879 2726 1008 2819 ait,
1051 2751 1098 2799 0
1132 2726 1367 2825 virge,
1413 2726 1596 2824 quid
1631 2726 1797 2801 vult
1832 2750 2241 2802 concursus
2276 2729 2373 2802 ad
2410 2734 2753 2807 amnem?

661 2864 963 2951 Quidve
994 2874 1272 2964 petunt
1303 2864 1615 2942 animae?
1666 2866 1788 2939 vel
1821 2891 1971 2964 quo
2006 2866 2439 2943 discrimine
2471 2869 2668 2970 ripas

662 3004 798 3079 Hae
832 3002 1210 3102 linquunt,
1257 3003 1400 3078 iuae
1433 3003 1655 3082 remis
1691 3004 1886 3079 vada
1922 3005 2153 3079 livida
2187 3009 2545 3083 verrunt?

660 3143 811 3217 Olli
845 3142 956 3217 sic
989 3142 1320 3217 breviter
1351 3141 1514 3216 fata
1549 3156 1663 3217 est
1697 3116 2041 3243 longaeva
2076 3146 2461 3220 sacerdos:

659 3281 996 3385 Anchisa
1030 3294 1414 3381 generate,
1461 3281 1686 3356 deum
1723 3282 2140 3356 certissima
2176 3286 2438 3383 proles,

663 3418 936 3521 Cocyti
973 3432 1248 3521 stagna
1279 3422 1436 3493 alta
1467 3420 1699 3513 videS,
1748 3420 2237 3521 Stygiamque
2272 3423 2661 3522 paludem,-

661 3560 764 3633 Di
804 3558 1014 3659 cujus
1037 3556 1295 3658 jurare
1331 3558 1606 3632 timent
1639 3568 1720 3633 et
1751 3558 2014 3634 fallere
2048 3584 2357 3637 numen.

663 3698 845 3774 Haec
880 3698 1145 3792 omnis,
1190 3722 1416 3797 quam
1453 3696 1720 3791 cernis,
1767 3697 1985 3797 inops
2032 3698 2573 3800 inhumataque
2616 3703 2840 3779 turba

808 3849 960 3911 est:

660 3975 989 4051 Portitor
1022 3974 1168 4066 ille,
1211 3974 1557 4049 Charon:
1613 3974 1713 4066 hi,
1761 4000 1945 4075 quos
1980 3974 2189 4049 vehit
2220 3978 2445 4073 unda,
2494 3983 2785 4081 sepulti.

661 4114 836 4189 Nec
868 4114 1064 4213 ripas
1099 4113 1324 4188 datur
1356 4112 1766 4189 horrendas
1803 4126 1882 4188 et
1916 4139 2147 4190 rauca
2180 4117 2469 4192 fluenta

639 4255 1197 4353 ¹Transportare
1233 4252 1455 4353 prius,
1501 4278 1726 4351 quam
1761 4252 2059 4328 sedibus
2096 4278 2261 4329 ossa
2294 4256 2671 4355 quierunt.

665 4392 996 4467 Centum
1025 4402 1280 4465 errant
1307 4414 1564 4485 annos,
1589 4391 2059 4490 volitantque
2082 4394 2240 4468 haec
2262 4394 2517 4471 littora
2542 4399 2865 4493 circum3

660 4530 856 4606 Tum
892 4529 1196 4605 demum
1231 4530 1530 4605 admissi
1564 4544 1836 4631 stagna
1869 4544 2231 4631 exoptata
2264 4535 2623 4613 revisunt.

665 4671 1029 4745 Constitit
1061 4670 1397 4747 Anchisa
1425 4682 1650 4763 satus,
1695 4682 1774 4745 et
1805 4670 2126 4771 vestigia
2158 4673 2444 4771 pressit,

817 4826 846 4865 2
2284 4812 2334 4859 H
