3792 6234
593 1036 602 1045 ·
669 1039 738 1087 v.
778 1024 943 1095 357.
1449 1014 1836 1091 LIBER
1937 1016 2071 1092 VI.
2752 1028 2875 1137 5¹1.

661 1210 1034 1287 Paulatim
1073 1212 1446 1287 adnabam
1481 1227 1732 1291 terrae:
1777 1212 1937 1313 jam
1977 1225 2145 1289 tuta
2178 1214 2570 1305 tenebam3

663 1350 770 1423 Ni
806 1374 992 1449 gens
1033 1351 1352 1425 crudelis
1389 1352 1694 1426 madida
1728 1376 1901 1427 eum
1940 1365 2147 1427 veste
2184 1365 2605 1453 gravatum,

662 1487 1302 1586 prensantemque
1340 1490 1558 1563 uncis
1592 1490 1937 1565 manibus
1968 1489 2219 1590 capita
2247 1516 2509 1590 aspera
2536 1491 2831 1583 montiS‚

659 1624 885 1702 Ferro
919 1628 1328 1721 invasisset,
1377 1629 1848 1728 praedamque
1884 1629 2154 1729 ignara
2187 1640 2539 1729 putasset.

661 1766 898 1841 Nunc
935 1793 1054 1843 me
1089 1768 1361 1842 fluctus
1399 1767 1648 1860 habet,
1698 1780 2151 1866 versantque
2187 1767 2265 1855 in
2303 1767 2556 1843 littore
2592 1768 2823 1843 venti.

659 1904 886 1991 Quod
921 1916 998 1979 te
1034 1932 1166 2006 per
1201 1906 1365 1980 coeli
1388 1904 1819 2004 jucundum
1856 1908 2135 1999 lumen,
2186 1920 2263 1981 et
2300 1930 2537 1999 auraS,

659 2042 802 2119 Per
834 2043 1278 2143 genitorem,
1325 2068 1475 2138 oro,
1521 2068 1656 2144 per
1689 2070 1854 2143 spes
1891 2044 2268 2144 surgentis
2304 2044 2475 2137 Iuli,

655 2181 880 2281 Eripe
917 2207 1036 2257 me
1071 2184 1207 2275 his,
1254 2182 1561 2276 invicte,
1607 2182 1860 2257 malis:
1920 2194 2051 2257 aut
2086 2195 2173 2257 tu
2207 2182 2393 2256 mihi
2428 2195 2705 2256 terram

657 2318 920 2421 Injice,
966 2346 1290 2419 namque
1327 2335 1558 2421 potes,
1605 2333 2010 2421 portusque
2049 2319 2343 2418 require
2374 2319 2719 2395 Velinos:

654 2460 814 2534 Aut
849 2472 956 2552 tu,
1004 2459 1066 2534 si
1100 2485 1249 2557 qua
1279 2460 1405 2534 via
1437 2471 1570 2553 est,
1617 2460 1676 2533 si
1715 2485 1939 2558 quam
1974 2457 2115 2531 tibi
2151 2458 2327 2533 diva
2364 2457 2692 2532 creatrix

655 2597 1011 2672 Ostendit
1049 2598 1332 2696 (neque
1369 2598 1592 2691 enim,
1640 2597 1887 2689 crede,
1936 2597 2098 2671 sine
2134 2596 2447 2671 numine
2482 2596 2738 2670 divum

652 2736 998 2811 Flumina
1034 2748 1252 2811 tanta
1285 2762 1498 2837 paras
1537 2737 2021 2837 Stygiamque
2056 2734 2321 2810 innare
2352 2733 2771 2835 paludem),

653 2874 776 2949 Da
809 2875 1158 2950 dextram
1194 2875 1484 2970 misero,
1533 2888 1612 2949 et
1646 2888 1903 2949 tecum
1936 2900 2061 2949 me
2094 2875 2277 2949 tolle
2308 2899 2447 2973 per
2480 2873 2740 2965 undaS,

651 3012 960 3087 Sedibus
998 3024 1085 3087 ut
1119 3014 1384 3089 saltem
1421 3012 1734 3111 placidis
1771 3012 1850 3088 in
1887 3024 2129 3087 morte
2165 3012 2567 3110 quiescam.

650 3152 864 3226 Talia
897 3150 1096 3226 fatus
1133 3163 1314 3243 erat,
1364 3153 1588 3250 coepit
1623 3177 1850 3250 quum
1889 3152 2073 3225 talia
2107 3164 2351 3226 vates:

649 3290 878 3365 Unde
913 3292 1093 3383 haze,
1141 3315 1186 3363 o
1221 3290 1594 3383 Palinure,
1642 3290 1782 3365 tibi
1825 3304 1981 3365 tam
2019 3290 2183 3364 dira
2218 3288 2535 3388 cupido?

649 3430 767 3504 Tu
802 3430 1101 3529 Stygias
1137 3429 1572 3504 inhumatus
1609 3454 1836 3527 aquas
1871 3453 2321 3526 amnemque
2358 3451 2699 3501 severum

647 3567 1159 3642 Eumenidum
1196 3567 1579 3666 adspicies„
1629 3567 1962 3667 ripamve
1998 3565 2319 3665 injussus
2354 3564 2635 3640 adibis?

650 3707 936 3781 Desine
973 3706 1134 3781 fata
1168 3706 1391 3781 deum
1429 3706 1631 3781 flecti
1667 3732 1963 3806 sperare
1996 3706 2396 3806 precando.

649 3844 792 3918 Sed
829 3870 1014 3945 cape
1051 3844 1259 3919 dieta
1292 3869 1601 3937 memor,
1649 3845 1818 3919 duri
1855 3845 2121 3919 solatia
2155 3868 2406 3919 casus:

651 3982 856 4056 Nam
893 3995 1026 4055 tua
1061 3982 1383 4075 finitimi,
1433 3984 1660 4085 longe
1697 3984 1999 4082 lateque
2032 4008 2169 4082 per
2202 3982 2422 4056 urbes

653 4120 1018 4221 Prodigiis
1057 4122 1209 4195 acti
1247 4121 1688 4215 coelestibus,
1735 4147 1901 4196 ossa
1934 4121 2286 4221 piabunt3

649 4258 750 4333 Et
783 4271 1126 4334 statuent
1159 4262 1558 4352 tumulum,
1605 4274 1684 4335 et
1717 4261 2012 4335 tumulo
2045 4258 2409 4333 solemnia
2444 4259 2753 4333 mittent
2771 4285 2791 4349 ;

649 4392 1192 4497 AEternumque
1227 4400 1434 4473 locus
1471 4398 1804 4473 Palinuri
1841 4422 2117 4473 nomen
2152 4396 2481 4471 habebit.

651 4536 789 4609 His
825 4536 1047 4611 dictis
1086 4561 1282 4611 eurae
1317 4550 1602 4631 emotae,
1649 4539 2051 4638 pulsusque
2085 4559 2485 4635 parumper

654 4674 904 4751 Corde
941 4674 1155 4751 dolor
1189 4676 1382 4751 tristi
1401 4704 1421 4769 3
1479 4677 1766 4777 gaudet
1802 4674 2255 4777 cognomine
2288 4686 2506 4748 terra.
