3792 6234
658 956 724 1005 v.
764 939 931 1010 203.
1428 927 1492 1002 L
1516 928 1553 1001 I
1578 928 1639 1001 B
1661 928 1725 1003 E
1747 928 1817 1003 R
1917 929 2057 1003 IX.
2699 936 2833 1007 143

660 1127 1243 1229 Magnanimum
1276 1128 1565 1202 AEnean
1606 1138 1684 1201 et
1716 1126 1877 1203 fata
1910 1114 2249 1202 extrema
2283 1139 2606 1202 secutus,

659 1267 795 1341 Est
830 1269 972 1359 hic,
1020 1278 1135 1340 est
1167 1265 1458 1340 animus
1495 1267 1681 1341 lucis
1719 1278 2213 1365 contemptor,
2263 1279 2341 1341 et
2374 1267 2600 1340 istum

660 1406 815 1492 Qui
850 1406 1009 1480 vita
1043 1405 1239 1480 bene
1274 1405 1535 1479 credat
1570 1405 1737 1497 emi,
1786 1430 1934 1503 quo
1970 1405 2238 1498 tendis,
2287 1407 2674 1481 honorem.

660 1544 894 1618 Nisus
930 1542 1024 1617 ad
1062 1543 1257 1617 haec:
1316 1542 1681 1639 Equidem
1718 1542 1813 1617 de
1848 1555 1926 1616 te
1963 1544 2072 1617 nil
2107 1544 2258 1619 tale
2297 1544 2629 1637 verebar,

661 1682 832 1756 Nec
867 1680 1018 1771 fas3
1076 1707 1272 1755 non:
1332 1681 1438 1753 ita
1471 1706 1590 1755 me
1627 1680 1904 1755 referat
1940 1682 2076 1755 tibi
2109 1707 2432 1783 magnus
2469 1695 2822 1758 ovantem

656 1820 703 1894 J
709 1821 1025 1919 uppiter,
1074 1832 1207 1893 aut
1240 1819 1692 1917 quicumque
1729 1820 1964 1894 oculis
1998 1821 2157 1895 haec
2193 1821 2512 1920 adspicit
2547 1820 2792 1920 aequiS.

659 1959 823 2051 Sed,
870 1960 931 2032 si
966 1958 1127 2057 quis
1168 1958 1367 2057 (quae
1399 1959 1642 2033 multa
1672 1958 1879 2033 vides
1915 1958 2350 2034 discrimine
2387 1960 2584 2057 tali),

658 2097 732 2171 Si
766 2097 928 2195 quis
966 2097 1043 2170 in
1080 2096 1474 2173 adversum
1509 2097 1749 2196 rapiat
1784 2122 2092 2173 casusve
2128 2096 2429 2190 deusve,

655 2236 765 2309 Te
800 2260 1181 2334 superesse
1215 2235 1479 2309 velim:
1536 2246 1669 2310 tua
1700 2236 1865 2309 vita
1890 2235 2194 2336 dignior
2234 2249 2429 2311 aetas.

660 2373 769 2447 Sit
801 2374 929 2472 qui
963 2399 1085 2447 mc
1122 2385 1419 2473 raptum
1456 2398 1733 2473 pugna,
1779 2372 2114 2472 pretiove
2149 2374 2646 2473 redemptum,

660 2512 986 2586 Mandet
1018 2513 1247 2586 humo
1282 2512 1535 2603 solita3
1580 2524 1731 2603 aut,
1768 2512 1838 2607 xsi
1874 2536 2023 2611 qua
2057 2511 2130 2585 id
2168 2511 2476 2587 fortuna
2509 2513 2818 2607 vetabit,

656 2650 975 2725 Absenti
1007 2650 1205 2725 ferat
1239 2649 1563 2742 inferias,
1609 2651 2065 2748 decoretque
2101 2651 2462 2750 sepulcr0.

661 2790 840 2863 Neu
875 2789 1095 2863 matri
1132 2788 1415 2863 miserae
1449 2788 1643 2862 tanti
1680 2789 1817 2863 sim
1858 2814 2084 2863 causa
2119 2789 2431 2881 doloris3

661 2928 850 3014 Quae
883 2939 983 3019 te,
1030 2928 1205 3019 sola,
1251 2951 1457 3025 puer,
1502 2928 1756 3002 multis
1794 2952 1835 3001 e
1870 2927 2234 3002 matribus
2273 2953 2472 3019 ausa,

661 3065 1155 3163 Persequitur,
1202 3065 1461 3165 magni
1496 3092 1641 3141 nec
1676 3067 1952 3140 moenia
1989 3079 2206 3141 curat
2239 3068 2551 3141 Acestae.

662 3205 799 3278 Ille
836 3218 1125 3279 autem:
1171 3203 1451 3279 Causas
1484 3204 1992 3304 nequidquam
2027 3205 2270 3281 nectis
2307 3207 2592 3299 inaneS,

661 3343 833 3417 Nec
868 3368 1037 3419 mea
1058 3342 1221 3441 jam
1254 3354 1547 3417 mutata
1580 3344 1747 3417 loco
1782 3343 2166 3417 sententia
2203 3344 2427 3419 cedit.

660 3483 1209 3574 Acceleremus,
1258 3482 1383 3555 ait.
1472 3481 1759 3581 Vigiles
1793 3481 2014 3556 simul
2051 3482 2376 3573 excitat3
2437 3483 2544 3556 illi

661 3620 1113 3712 Succedunt,
1161 3630 1609 3718 servantque
1642 3622 1881 3695 vices:
1941 3619 2264 3697 statione
2301 3623 2568 3697 relicta

660 3758 832 3858 Ipse
868 3783 1116 3835 comes
1153 3759 1346 3833 Niso
1378 3758 1741 3857 graditur,
1788 3784 2194 3859 regemque
2229 3761 2642 3858 requirunt.

816 3896 1091 3971 Cetera
1121 3920 1255 3995 per
1289 3909 1523 3971 terras
1560 3921 1819 3971 omnes
1856 3898 2212 3971 animalia
2243 3923 2505 3973 somno

662 4033 1058 4109 Laxabant
1094 4060 1330 4128 curas,
1376 4045 1454 4108 et
1490 4034 1717 4110 corda
1750 4036 1984 4111 oblita
2019 4035 2394 4111 laborum:

660 4172 1037 4247 Ductores
1064 4173 1439 4248 Teucrum
1473 4174 1713 4272 primi,
1734 4245 1739 4253 ,
1760 4174 2060 4249 delecta
2081 4173 2466 4273 juventus,

666 4309 1079 4385 Consilium
1114 4311 1421 4385 summis
1454 4312 1671 4413 regni
1708 4312 1803 4387 de
1837 4314 2060 4387 rebus
2097 4312 2518 4403 habebant3

662 4447 870 4534 Quid
904 4447 1267 4543 facerent,
1312 4449 1569 4548 quisve
1602 4452 1853 4527 AEneae
1872 4450 2034 4549 jam
2069 4450 2384 4525 nuntius
2422 4462 2635 4525 esset.

659 4588 873 4661 Stant
910 4588 1153 4689 longis
1194 4588 1455 4664 adnixi
1488 4590 1737 4684 hastis,
1786 4603 1865 4667 et
1897 4602 2114 4667 scuta
2148 4602 2515 4682 tenentes»,
