<?xml version="1.0" encoding="UTF-8"?>
<!DOCTYPE html PUBLIC "-//W3C//DTD XHTML 1.0 Transitional//EN"
    "http://www.w3.org/TR/xhtml1/DTD/xhtml1-transitional.dtd">
<html xmlns="http://www.w3.org/1999/xhtml" xml:lang="en" lang="en">
 <head>
  <title>
</title>
<meta http-equiv="Content-Type" content="text/html;charset=utf-8" />
  <meta name='ocr-system' content='tesseract 3.04.00' />
  <meta name='ocr-capabilities' content='ocr_page ocr_carea ocr_par ocr_line ocrx_word'/>
</head>
<body>
  <div class='ocr_page' id='page_1' title='image "./publiusvergiliu00virggoog/publiusvergiliu00virggoog_0214.png"; bbox 0 0 3792 6234; ppageno 0'>
   <div class='ocr_carea' id='block_1_1' title="bbox 575 1002 2735 1089">
    <p class='ocr_par' dir='ltr' id='par_1_1' title="bbox 575 1002 2735 1089">
     <span class='ocr_line' id='line_1_1' title="bbox 575 1002 2735 1089; baseline 0.002 -14"><span class='ocrx_word' id='word_1_1' title='bbox 575 1029 644 1076; x_wconf 87' lang='lat' dir='ltr'><strong>v.</strong></span> <span class='ocrx_word' id='word_1_2' title='bbox 681 1004 848 1086; x_wconf 87' lang='grc'><strong>669.</strong></span> <span class='ocrx_word' id='word_1_3' title='bbox 1359 1002 1746 1077; x_wconf 88' lang='lat' dir='ltr'>LIBER</span> <span class='ocrx_word' id='word_1_4' title='bbox 1843 1004 1942 1077; x_wconf 90' lang='lat' dir='ltr'><strong>X.</strong></span> <span class='ocrx_word' id='word_1_5' title='bbox 2604 1016 2735 1089; x_wconf 83' lang='lat'><strong>193</strong></span> 
     </span>
    </p>
   </div>
   <div class='ocr_carea' id='block_1_2' title="bbox 529 1196 2763 4600">
    <p class='ocr_par' dir='ltr' id='par_1_2' title="bbox 529 1196 2761 1413">
     <span class='ocr_line' id='line_1_2' title="bbox 529 1196 2761 1299; baseline 0 -26"><span class='ocrx_word' id='word_1_6' title='bbox 529 1294 532 1297; x_wconf 11' lang='lat'><strong>⁴</strong></span> <span class='ocrx_word' id='word_1_7' title='bbox 576 1200 751 1285; x_wconf 84' lang='lat' dir='ltr'><strong>Quo</strong></span> <span class='ocrx_word' id='word_1_8' title='bbox 777 1196 1020 1273; x_wconf 84' lang='lat' dir='ltr'><strong>feror?</strong></span> <span class='ocrx_word' id='word_1_9' title='bbox 1057 1200 1260 1274; x_wconf 90' lang='lat' dir='ltr'><strong>unde</strong></span> <span class='ocrx_word' id='word_1_10' title='bbox 1297 1200 1488 1273; x_wconf 84' lang='lat' dir='ltr'><strong>abii?</strong></span> <span class='ocrx_word' id='word_1_11' title='bbox 1525 1226 1688 1297; x_wconf 83' lang='lat' dir='ltr'><strong>quae</strong></span> <span class='ocrx_word' id='word_1_12' title='bbox 1715 1224 1836 1274; x_wconf 87' lang='lat' dir='ltr'><strong>me</strong></span> <span class='ocrx_word' id='word_1_13' title='bbox 1862 1198 2049 1299; x_wconf 83' lang='lat' dir='ltr'><strong>fuga</strong></span> <span class='ocrx_word' id='word_1_14' title='bbox 2075 1224 2390 1299; x_wconf 90' lang='lat' dir='ltr'><strong>quemve</strong></span> <span class='ocrx_word' id='word_1_15' title='bbox 2418 1201 2761 1275; x_wconf 85' lang='lat' dir='ltr'>reducit?</span> 
     </span>
     <span class='ocr_line' id='line_1_3' title="bbox 575 1336 2473 1413; baseline 0.001 -4"><span class='ocrx_word' id='word_1_16' title='bbox 575 1336 1086 1412; x_wconf 86' lang='lat' dir='ltr'><strong>Laurentesne</strong></span> <span class='ocrx_word' id='word_1_17' title='bbox 1121 1341 1394 1411; x_wconf 85' lang='lat' dir='ltr'><strong>iterum</strong></span> <span class='ocrx_word' id='word_1_18' title='bbox 1429 1363 1676 1411; x_wconf 88' lang='lat' dir='ltr'><strong>muros</strong></span> <span class='ocrx_word' id='word_1_19' title='bbox 1713 1351 1844 1412; x_wconf 83' lang='lat' dir='ltr'><strong>aut</strong></span> <span class='ocrx_word' id='word_1_20' title='bbox 1881 1350 2126 1413; x_wconf 80' lang='lat' dir='ltr'><strong>castra</strong></span> <span class='ocrx_word' id='word_1_21' title='bbox 2161 1339 2473 1413; x_wconf 84' lang='lat' dir='ltr'><strong>videbo?</strong></span> 
     </span>
    </p>

    <p class='ocr_par' dir='ltr' id='par_1_3' title="bbox 574 1474 2733 1713">
     <span class='ocr_line' id='line_1_4' title="bbox 574 1474 2733 1585; baseline 0.001 -38"><span class='ocrx_word' id='word_1_22' title='bbox 574 1474 784 1559; x_wconf 83' lang='lat' dir='ltr'><strong>Quid</strong></span> <span class='ocrx_word' id='word_1_23' title='bbox 819 1499 1082 1549; x_wconf 86' lang='lat' dir='ltr'><strong>manus</strong></span> <span class='ocrx_word' id='word_1_24' title='bbox 1119 1475 1511 1585; x_wconf 11' lang='lat' dir='ltr'><strong>illaqvirssm</strong></span> <span class='ocrx_word' id='word_1_25' title='bbox 1541 1476 1668 1574; x_wconf 92' lang='lat' dir='ltr'><strong>qui</strong></span> <span class='ocrx_word' id='word_1_26' title='bbox 1701 1502 1823 1550; x_wconf 91' lang='lat' dir='ltr'><strong>me</strong></span> <span class='ocrx_word' id='word_1_27' title='bbox 1859 1500 2175 1573; x_wconf 83' lang='lat' dir='ltr'><strong>meaque</strong></span> <span class='ocrx_word' id='word_1_28' title='bbox 2210 1501 2415 1549; x_wconf 84' lang='lat' dir='ltr'><strong>arma</strong></span> <span class='ocrx_word' id='word_1_29' title='bbox 2450 1476 2733 1551; x_wconf 88' lang='lat' dir='ltr'><strong>secuti?</strong></span> 
     </span>
     <span class='ocr_line' id='line_1_5' title="bbox 574 1610 2589 1713; baseline 0.001 -28"><span class='ocrx_word' id='word_1_30' title='bbox 574 1610 884 1697; x_wconf 84' lang='lat' dir='ltr'><strong>Quosne</strong></span> <span class='ocrx_word' id='word_1_31' title='bbox 925 1612 1211 1710; x_wconf 82' lang='lat' dir='ltr'><strong>(nefas)</strong></span> <span class='ocrx_word' id='word_1_32' title='bbox 1251 1638 1508 1687; x_wconf 89' lang='lat' dir='ltr'><strong>omnes</strong></span> <span class='ocrx_word' id='word_1_33' title='bbox 1541 1612 1855 1689; x_wconf 86' lang='lat' dir='ltr'><strong>infanda</strong></span> <span class='ocrx_word' id='word_1_34' title='bbox 1891 1614 1969 1686; x_wconf 92' lang='lat' dir='ltr'><strong>in</strong></span> <span class='ocrx_word' id='word_1_35' title='bbox 2006 1626 2245 1687; x_wconf 86' lang='lat' dir='ltr'><strong>morte</strong></span> <span class='ocrx_word' id='word_1_36' title='bbox 2280 1614 2589 1713; x_wconf 85' lang='lat' dir='ltr'>reliqui?</span> 
     </span>
    </p>

    <p class='ocr_par' dir='ltr' id='par_1_4' title="bbox 567 1750 2737 2125">
     <span class='ocr_line' id='line_1_6' title="bbox 574 1750 2559 1850; baseline 0.001 -26"><span class='ocrx_word' id='word_1_37' title='bbox 574 1750 671 1824; x_wconf 90' lang='lat' dir='ltr'><strong>Et</strong></span> <span class='ocrx_word' id='word_1_38' title='bbox 705 1776 914 1824; x_wconf 91' lang='lat' dir='ltr'><strong>nunc</strong></span> <span class='ocrx_word' id='word_1_39' title='bbox 947 1753 1284 1849; x_wconf 82' lang='lat' dir='ltr'><strong>palantes</strong></span> <span class='ocrx_word' id='word_1_40' title='bbox 1315 1750 1558 1843; x_wconf 78' lang='lat' dir='ltr'><strong>&#39;vide0‚</strong></span> <span class='ocrx_word' id='word_1_41' title='bbox 1603 1751 2119 1850; x_wconf 84' lang='lat' dir='ltr'><strong>gemitumque</strong></span> <span class='ocrx_word' id='word_1_42' title='bbox 2156 1752 2559 1825; x_wconf 78' lang='lat' dir='ltr'><strong>cadentum</strong></span> 
     </span>
     <span class='ocr_line' id='line_1_7' title="bbox 570 1887 2737 1989; baseline 0 -27"><span class='ocrx_word' id='word_1_43' title='bbox 570 1888 902 1987; x_wconf 78' lang='lat' dir='ltr'><strong>Accipio,</strong></span> <span class='ocrx_word' id='word_1_44' title='bbox 975 1889 1182 1975; x_wconf 83' lang='lat' dir='ltr'><strong>Quid</strong></span> <span class='ocrx_word' id='word_1_45' title='bbox 1219 1888 1408 1989; x_wconf 81' lang='lat' dir='ltr'><strong>ago?</strong></span> <span class='ocrx_word' id='word_1_46' title='bbox 1459 1900 1592 1963; x_wconf 85' lang='lat' dir='ltr'><strong>aut</strong></span> <span class='ocrx_word' id='word_1_47' title='bbox 1627 1915 1788 1987; x_wconf 83' lang='lat' dir='ltr'><strong>quae</strong></span> <span class='ocrx_word' id='word_1_48' title='bbox 1809 1887 1971 1987; x_wconf 88' lang='lat' dir='ltr'><strong>jam</strong></span> <span class='ocrx_word' id='word_1_49' title='bbox 2002 1888 2179 1962; x_wconf 82' lang='lat' dir='ltr'><strong>satis</strong></span> <span class='ocrx_word' id='word_1_50' title='bbox 2218 1889 2367 1963; x_wconf 86' lang='lat' dir='ltr'><strong>ima</strong></span> <span class='ocrx_word' id='word_1_51' title='bbox 2394 1888 2737 1964; x_wconf 83' lang='lat' dir='ltr'><strong>dehiscat</strong></span> 
     </span>
     <span class='ocr_line' id='line_1_8' title="bbox 567 2025 2435 2125; baseline 0.002 -27"><span class='ocrx_word' id='word_1_52' title='bbox 567 2025 800 2099; x_wconf 84' lang='lat' dir='ltr'><strong>Terra</strong></span> <span class='ocrx_word' id='word_1_53' title='bbox 831 2026 1058 2100; x_wconf 90' lang='lat' dir='ltr'><strong>mihi?</strong></span> <span class='ocrx_word' id='word_1_54' title='bbox 1124 2027 1278 2101; x_wconf 89' lang='lat' dir='ltr'><strong>Vos</strong></span> <span class='ocrx_word' id='word_1_55' title='bbox 1309 2052 1358 2099; x_wconf 94' lang='lat' dir='ltr'><strong>o</strong></span> <span class='ocrx_word' id='word_1_56' title='bbox 1393 2026 1638 2125; x_wconf 88' lang='lat' dir='ltr'><strong>potius</strong></span> <span class='ocrx_word' id='word_1_57' title='bbox 1673 2026 2151 2114; x_wconf 83' lang='lat' dir='ltr'><strong>miserescite,</strong></span> <span class='ocrx_word' id='word_1_58' title='bbox 2188 2028 2435 2101; x_wconf 82' lang='lat' dir='ltr'><strong>venti:</strong></span> 
     </span>
    </p>

    <p class='ocr_par' dir='ltr' id='par_1_5' title="bbox 568 2164 2435 2264">
     <span class='ocr_line' id='line_1_9' title="bbox 568 2164 2435 2264; baseline 0 -27"><span class='ocrx_word' id='word_1_59' title='bbox 568 2164 664 2237; x_wconf 91' lang='lat' dir='ltr'><strong>In</strong></span> <span class='ocrx_word' id='word_1_60' title='bbox 698 2189 938 2263; x_wconf 70' lang='grc' dir='ltr'><strong>τηρεε,</strong></span> <span class='ocrx_word' id='word_1_61' title='bbox 987 2164 1066 2237; x_wconf 90' lang='lat' dir='ltr'><strong>in</strong></span> <span class='ocrx_word' id='word_1_62' title='bbox 1101 2190 1300 2256; x_wconf 82' lang='lat' dir='ltr'><strong>saxa,</strong></span> <span class='ocrx_word' id='word_1_63' title='bbox 1353 2166 1644 2261; x_wconf 86' lang='lat' dir='ltr'><strong>(volens</strong></span> <span class='ocrx_word' id='word_1_64' title='bbox 1680 2189 1810 2239; x_wconf 92' lang='lat' dir='ltr'><strong>vos</strong></span> <span class='ocrx_word' id='word_1_65' title='bbox 1835 2166 2136 2239; x_wconf 88' lang='lat' dir='ltr'><strong>Turnus</strong></span> <span class='ocrx_word' id='word_1_66' title='bbox 2170 2165 2435 2264; x_wconf 86' lang='lat' dir='ltr'><strong>adoro)</strong></span> 
     </span>
    </p>

    <p class='ocr_par' dir='ltr' id='par_1_6' title="bbox 568 2301 2411 2400">
     <span class='ocr_line' id='line_1_10' title="bbox 568 2301 2411 2400; baseline 0.001 -25"><span class='ocrx_word' id='word_1_67' title='bbox 568 2301 786 2376; x_wconf 87' lang='lat' dir='ltr'><strong>Ferte</strong></span> <span class='ocrx_word' id='word_1_68' title='bbox 822 2315 1080 2394; x_wconf 87' lang='lat' dir='ltr'><strong>ratem,</strong></span> <span class='ocrx_word' id='word_1_69' title='bbox 1127 2304 1478 2400; x_wconf 67' lang='lat' dir='ltr'><strong>saevisque</strong></span> <span class='ocrx_word' id='word_1_70' title='bbox 1515 2302 1720 2375; x_wconf 86' lang='lat' dir='ltr'><strong>vadis</strong></span> <span class='ocrx_word' id='word_1_71' title='bbox 1754 2302 2137 2376; x_wconf 86' lang='lat' dir='ltr'><strong>immittite</strong></span> <span class='ocrx_word' id='word_1_72' title='bbox 2170 2304 2411 2400; x_wconf 80' lang='lat' dir='ltr'><strong>syrtiS,</strong></span> 
     </span>
    </p>

    <p class='ocr_par' dir='ltr' id='par_1_7' title="bbox 566 2424 2763 2791">
     <span class='ocr_line' id='line_1_11' title="bbox 568 2424 2673 2539; baseline 0.001 -26"><span class='ocrx_word' id='word_1_73' title='bbox 568 2438 744 2525; x_wconf 84' lang='lat' dir='ltr'><strong>Quo</strong></span> <span class='ocrx_word' id='word_1_74' title='bbox 777 2465 1022 2538; x_wconf 92' lang='lat' dir='ltr'><strong>neque</strong></span> <span class='ocrx_word' id='word_1_75' title='bbox 1057 2466 1178 2515; x_wconf 90' lang='lat' dir='ltr'><strong>me</strong></span> <span class='ocrx_word' id='word_1_76' title='bbox 1215 2424 1496 2531; x_wconf 81' lang='lat' dir='ltr'><strong>Rutuli,</strong></span> <span class='ocrx_word' id='word_1_77' title='bbox 1541 2464 1687 2514; x_wconf 92' lang='lat' dir='ltr'><strong>nec</strong></span> <span class='ocrx_word' id='word_1_78' title='bbox 1725 2439 2028 2513; x_wconf 80' lang='lat' dir='ltr'><strong>conscia</strong></span> <span class='ocrx_word' id='word_1_79' title='bbox 2062 2439 2265 2513; x_wconf 84' lang='lat' dir='ltr'><strong>fama</strong></span> <span class='ocrx_word' id='word_1_80' title='bbox 2298 2452 2673 2539; x_wconf 82' lang='lat' dir='ltr'><strong>sequatur.</strong></span> 
     </span>
     <span class='ocr_line' id='line_1_12' title="bbox 569 2561 2763 2671; baseline 0.002 -20"><span class='ocrx_word' id='word_1_81' title='bbox 569 2578 752 2651; x_wconf 87' lang='lat' dir='ltr'><strong>Haec</strong></span> <span class='ocrx_word' id='word_1_82' title='bbox 787 2602 1226 2671; x_wconf 83' lang='lat' dir='ltr'><strong>memorans,</strong></span> <span class='ocrx_word' id='word_1_83' title='bbox 1259 2578 1510 2651; x_wconf 84' lang='lat' dir='ltr'><strong>animo</strong></span> <span class='ocrx_word' id='word_1_84' title='bbox 1537 2603 1746 2652; x_wconf 89' lang='lat' dir='ltr'><strong>nunc</strong></span> <span class='ocrx_word' id='word_1_85' title='bbox 1777 2578 1929 2651; x_wconf 89' lang='lat' dir='ltr'><strong>huc</strong></span> <span class='ocrx_word' id='word_1_86' title='bbox 1964 2604 2172 2651; x_wconf 91' lang='lat' dir='ltr'><strong>nunc</strong></span> <span class='ocrx_word' id='word_1_87' title='bbox 2200 2580 2519 2653; x_wconf 85' lang='lat' dir='ltr'><strong>fluctuat</strong></span> <span class='ocrx_word' id='word_1_88' title='bbox 2548 2561 2763 2655; x_wconf 83' lang='lat' dir='ltr'><strong>illuc:</strong></span> 
     </span>
     <span class='ocr_line' id='line_1_13' title="bbox 566 2714 2401 2791; baseline 0 -2"><span class='ocrx_word' id='word_1_89' title='bbox 566 2716 688 2789; x_wconf 93' lang='lat' dir='ltr'><strong>An</strong></span> <span class='ocrx_word' id='word_1_90' title='bbox 724 2740 883 2788; x_wconf 88' lang='lat' dir='ltr'><strong>sese</strong></span> <span class='ocrx_word' id='word_1_91' title='bbox 917 2740 1278 2791; x_wconf 89' lang='lat' dir='ltr'><strong>mucrone</strong></span> <span class='ocrx_word' id='word_1_92' title='bbox 1314 2714 1410 2787; x_wconf 91' lang='lat' dir='ltr'><strong>ob</strong></span> <span class='ocrx_word' id='word_1_93' title='bbox 1446 2726 1744 2788; x_wconf 77' lang='lat' dir='ltr'><strong>tantum</strong></span> <span class='ocrx_word' id='word_1_94' title='bbox 1780 2714 2107 2788; x_wconf 87' lang='lat' dir='ltr'><strong>dedecus</strong></span> <span class='ocrx_word' id='word_1_95' title='bbox 2144 2739 2401 2789; x_wconf 84' lang='lat' dir='ltr'><strong>amens</strong></span> 
     </span>
    </p>

    <p class='ocr_par' dir='ltr' id='par_1_8' title="bbox 563 2852 2413 3089">
     <span class='ocr_line' id='line_1_14' title="bbox 564 2852 2413 2951; baseline 0.001 -26"><span class='ocrx_word' id='word_1_96' title='bbox 564 2852 865 2944; x_wconf 87' lang='lat' dir='ltr'><strong>Induat,</strong></span> <span class='ocrx_word' id='word_1_97' title='bbox 913 2866 990 2926; x_wconf 86' lang='lat' dir='ltr'><strong>et</strong></span> <span class='ocrx_word' id='word_1_98' title='bbox 1025 2852 1338 2927; x_wconf 83' lang='lat' dir='ltr'><strong>crudum</strong></span> <span class='ocrx_word' id='word_1_99' title='bbox 1377 2877 1510 2951; x_wconf 82' lang='lat' dir='ltr'><strong>per</strong></span> <span class='ocrx_word' id='word_1_100' title='bbox 1545 2865 1785 2926; x_wconf 83' lang='lat' dir='ltr'><strong>costas</strong></span> <span class='ocrx_word' id='word_1_101' title='bbox 1823 2853 2084 2951; x_wconf 84' lang='lat' dir='ltr'><strong>exigat</strong></span> <span class='ocrx_word' id='word_1_102' title='bbox 2118 2877 2413 2944; x_wconf 82' lang='lat' dir='ltr'><strong>ensem3</strong></span> 
     </span>
     <span class='ocr_line' id='line_1_15' title="bbox 563 2988 2363 3089; baseline 0.001 -25"><span class='ocrx_word' id='word_1_103' title='bbox 563 2989 946 3064; x_wconf 87' lang='lat' dir='ltr'><strong>Fluctibus</strong></span> <span class='ocrx_word' id='word_1_104' title='bbox 983 3015 1080 3063; x_wconf 86' lang='lat' dir='ltr'><strong>an</strong></span> <span class='ocrx_word' id='word_1_105' title='bbox 1103 2988 1344 3089; x_wconf 84' lang='lat' dir='ltr'><strong>jaciat</strong></span> <span class='ocrx_word' id='word_1_106' title='bbox 1375 2989 1661 3081; x_wconf 85' lang='lat' dir='ltr'><strong>mediis,</strong></span> <span class='ocrx_word' id='word_1_107' title='bbox 1707 3003 1785 3063; x_wconf 87' lang='lat' dir='ltr'><strong>et</strong></span> <span class='ocrx_word' id='word_1_108' title='bbox 1819 2990 2075 3064; x_wconf 82' lang='lat' dir='ltr'><strong>littora</strong></span> <span class='ocrx_word' id='word_1_109' title='bbox 2106 2991 2363 3065; x_wconf 83' lang='lat' dir='ltr'><strong>nando</strong></span> 
     </span>
    </p>

    <p class='ocr_par' dir='ltr' id='par_1_9' title="bbox 560 3126 2717 3638">
     <span class='ocr_line' id='line_1_16' title="bbox 566 3126 2717 3227; baseline 0.001 -25"><span class='ocrx_word' id='word_1_110' title='bbox 566 3126 834 3215; x_wconf 81' lang='lat' dir='ltr'><strong>Curva·</strong></span> <span class='ocrx_word' id='word_1_111' title='bbox 851 3140 1078 3227; x_wconf 84' lang='lat' dir='ltr'><strong>petat,</strong></span> <span class='ocrx_word' id='word_1_112' title='bbox 1110 3128 1632 3224; x_wconf 67' lang='lat' dir='ltr'><strong>Teucrumque</strong></span> <span class='ocrx_word' id='word_1_113' title='bbox 1669 3127 1938 3201; x_wconf 91' lang='lat' dir='ltr'><strong>iterum</strong></span> <span class='ocrx_word' id='word_1_114' title='bbox 1974 3152 2053 3201; x_wconf 87' lang='lat' dir='ltr'><strong>se</strong></span> <span class='ocrx_word' id='word_1_115' title='bbox 2088 3129 2354 3203; x_wconf 81' lang='lat' dir='ltr'><strong>reddat</strong></span> <span class='ocrx_word' id='word_1_116' title='bbox 2384 3130 2461 3203; x_wconf 92' lang='lat' dir='ltr'><strong>in</strong></span> <span class='ocrx_word' id='word_1_117' title='bbox 2494 3155 2717 3204; x_wconf 82' lang='lat' dir='ltr'><strong>arma.</strong></span> 
     </span>
     <span class='ocr_line' id='line_1_17' title="bbox 560 3264 2535 3363; baseline 0 -24"><span class='ocrx_word' id='word_1_118' title='bbox 560 3266 711 3339; x_wconf 90' lang='lat' dir='ltr'><strong>Ter</strong></span> <span class='ocrx_word' id='word_1_119' title='bbox 745 3278 1058 3339; x_wconf 85' lang='lat' dir='ltr'><strong>conatus</strong></span> <span class='ocrx_word' id='word_1_120' title='bbox 1097 3278 1488 3363; x_wconf 86' lang='lat' dir='ltr'><strong>utramque</strong></span> <span class='ocrx_word' id='word_1_121' title='bbox 1522 3264 1760 3339; x_wconf 82' lang='lat' dir='ltr'><strong>viam:</strong></span> <span class='ocrx_word' id='word_1_122' title='bbox 1817 3278 1935 3339; x_wconf 89' lang='lat' dir='ltr'><strong>ter</strong></span> <span class='ocrx_word' id='word_1_123' title='bbox 1966 3266 2298 3339; x_wconf 81' lang='lat' dir='ltr'><strong>maxima</strong></span> <span class='ocrx_word' id='word_1_124' title='bbox 2326 3266 2373 3339; x_wconf 88' lang='lat' dir='ltr'>J</span> <span class='ocrx_word' id='word_1_125' title='bbox 2380 3291 2535 3341; x_wconf 92' lang='lat' dir='ltr'><strong>uno</strong></span> 
     </span>
     <span class='ocr_line' id='line_1_18' title="bbox 563 3400 2589 3502; baseline 0 -25"><span class='ocrx_word' id='word_1_126' title='bbox 563 3403 982 3495; x_wconf 80' lang='lat' dir='ltr'><strong>Continuit‚</strong></span> <span class='ocrx_word' id='word_1_127' title='bbox 1033 3400 1542 3502; x_wconf 73' lang='lat' dir='ltr'><strong>juvenemque</strong></span> <span class='ocrx_word' id='word_1_128' title='bbox 1577 3402 1810 3475; x_wconf 83' lang='lat' dir='ltr'><strong>animi</strong></span> <span class='ocrx_word' id='word_1_129' title='bbox 1842 3402 2192 3476; x_wconf 82' lang='lat' dir='ltr'><strong>miserata</strong></span> <span class='ocrx_word' id='word_1_130' title='bbox 2224 3404 2589 3501; x_wconf 73' lang='lat' dir='ltr'><strong>repressit.</strong></span> 
     </span>
     <span class='ocr_line' id='line_1_19' title="bbox 561 3540 2572 3638; baseline 0 -24"><span class='ocrx_word' id='word_1_131' title='bbox 561 3540 874 3615; x_wconf 83' lang='lat' dir='ltr'><strong>Labitur</strong></span> <span class='ocrx_word' id='word_1_132' title='bbox 903 3542 1058 3615; x_wconf 83' lang='lat' dir='ltr'><strong>alta</strong></span> <span class='ocrx_word' id='word_1_133' title='bbox 1092 3564 1374 3631; x_wconf 71' lang='lat' dir='ltr'><strong>secam,</strong></span> <span class='ocrx_word' id='word_1_134' title='bbox 1421 3540 1805 3638; x_wconf 88' lang='lat' dir='ltr'><strong>fluctuque</strong></span> <span class='ocrx_word' id='word_1_135' title='bbox 1841 3552 2169 3638; x_wconf 87' lang='lat' dir='ltr'><strong>aestuque</strong></span> <span class='ocrx_word' id='word_1_136' title='bbox 2204 3541 2572 3615; x_wconf 88' lang='lat' dir='ltr'><strong>secundo:</strong></span> 
     </span>
    </p>

    <p class='ocr_par' dir='ltr' id='par_1_10' title="bbox 557 3675 2447 3776">
     <span class='ocr_line' id='line_1_20' title="bbox 557 3675 2447 3776; baseline 0 -25"><span class='ocrx_word' id='word_1_137' title='bbox 557 3676 660 3751; x_wconf 88' lang='lat' dir='ltr'><strong>Et</strong></span> <span class='ocrx_word' id='word_1_138' title='bbox 689 3678 918 3776; x_wconf 88' lang='lat' dir='ltr'><strong>patris</strong></span> <span class='ocrx_word' id='word_1_139' title='bbox 953 3678 1338 3775; x_wconf 82' lang='lat' dir='ltr'><strong>antiquam</strong></span> <span class='ocrx_word' id='word_1_140' title='bbox 1373 3675 1632 3751; x_wconf 81' lang='lat' dir='ltr'><strong>Dauni</strong></span> <span class='ocrx_word' id='word_1_141' title='bbox 1667 3675 2003 3751; x_wconf 88' lang='lat' dir='ltr'><strong>defertur</strong></span> <span class='ocrx_word' id='word_1_142' title='bbox 2036 3676 2132 3749; x_wconf 86' lang='lat' dir='ltr'><strong>ad</strong></span> <span class='ocrx_word' id='word_1_143' title='bbox 2165 3678 2447 3751; x_wconf 89' lang='lat' dir='ltr'><strong>urbem.</strong></span> 
     </span>
    </p>

    <p class='ocr_par' dir='ltr' id='par_1_11' title="bbox 556 3813 2597 4463">
     <span class='ocr_line' id='line_1_21' title="bbox 707 3813 2481 3889; baseline 0 -2"><span class='ocrx_word' id='word_1_144' title='bbox 707 3816 814 3887; x_wconf 91' lang='lat' dir='ltr'><strong>At</strong></span> <span class='ocrx_word' id='word_1_145' title='bbox 845 3814 890 3887; x_wconf 92' lang='lat' dir='ltr'><strong>J</strong></span> <span class='ocrx_word' id='word_1_146' title='bbox 897 3816 1053 3888; x_wconf 85' lang='lat' dir='ltr'><strong>ovis</strong></span> <span class='ocrx_word' id='word_1_147' title='bbox 1089 3815 1380 3889; x_wconf 85' lang='lat' dir='ltr'><strong>interea</strong></span> <span class='ocrx_word' id='word_1_148' title='bbox 1413 3813 1716 3887; x_wconf 86' lang='lat' dir='ltr'><strong>monitis</strong></span> <span class='ocrx_word' id='word_1_149' title='bbox 1753 3813 2178 3889; x_wconf 87' lang='lat' dir='ltr'><strong>Mezentius</strong></span> <span class='ocrx_word' id='word_1_150' title='bbox 2212 3816 2481 3889; x_wconf 83' lang='lat' dir='ltr'><strong>ardens</strong></span> 
     </span>
     <span class='ocr_line' id='line_1_22' title="bbox 559 3950 2436 4050; baseline 0.001 -25"><span class='ocrx_word' id='word_1_151' title='bbox 559 3950 909 4025; x_wconf 89' lang='lat' dir='ltr'><strong>Succedit</strong></span> <span class='ocrx_word' id='word_1_152' title='bbox 941 3977 1234 4050; x_wconf 69' lang='lat' dir='ltr'><strong>pugnae,</strong></span> <span class='ocrx_word' id='word_1_153' title='bbox 1271 3952 1747 4049; x_wconf 85' lang='lat' dir='ltr'><strong>Teucrosque</strong></span> <span class='ocrx_word' id='word_1_154' title='bbox 1783 3952 2072 4025; x_wconf 83' lang='lat' dir='ltr'><strong>invadit</strong></span> <span class='ocrx_word' id='word_1_155' title='bbox 2106 3966 2436 4027; x_wconf 85' lang='lat' dir='ltr'><strong>ovantes.</strong></span> 
     </span>
     <span class='ocr_line' id='line_1_23' title="bbox 562 4089 2597 4187; baseline 0.001 -25"><span class='ocrx_word' id='word_1_156' title='bbox 562 4089 1048 4163; x_wconf 82' lang='lat' dir='ltr'><strong>Concurrunt</strong></span> <span class='ocrx_word' id='word_1_157' title='bbox 1074 4089 1477 4186; x_wconf 81' lang='lat' dir='ltr'><strong>Tyrrhenae</strong></span> <span class='ocrx_word' id='word_1_158' title='bbox 1509 4090 1744 4180; x_wconf 82' lang='lat' dir='ltr'><strong>acies;</strong></span> <span class='ocrx_word' id='word_1_159' title='bbox 1803 4103 2027 4187; x_wconf 84' lang='lat' dir='ltr'><strong>atque</strong></span> <span class='ocrx_word' id='word_1_160' title='bbox 2064 4091 2407 4165; x_wconf 86' lang='lat' dir='ltr'><strong>omnibus</strong></span> <span class='ocrx_word' id='word_1_161' title='bbox 2448 4092 2597 4183; x_wconf 89' lang='lat' dir='ltr'><strong>uni,</strong></span> 
     </span>
     <span class='ocr_line' id='line_1_24' title="bbox 557 4225 2581 4325; baseline -0.001 -24"><span class='ocrx_word' id='word_1_162' title='bbox 557 4226 714 4301; x_wconf 93' lang='lat' dir='ltr'><strong>Uni</strong></span> <span class='ocrx_word' id='word_1_163' title='bbox 750 4225 1083 4323; x_wconf 90' lang='lat' dir='ltr'><strong>odiisque</strong></span> <span class='ocrx_word' id='word_1_164' title='bbox 1117 4225 1277 4299; x_wconf 86' lang='lat' dir='ltr'><strong>viro</strong></span> <span class='ocrx_word' id='word_1_165' title='bbox 1311 4226 1625 4323; x_wconf 86' lang='lat' dir='ltr'><strong>telisque</strong></span> <span class='ocrx_word' id='word_1_166' title='bbox 1659 4226 2177 4325; x_wconf 82' lang='lat' dir='ltr'><strong>frequentibus</strong></span> <span class='ocrx_word' id='word_1_167' title='bbox 2215 4228 2520 4302; x_wconf 85' lang='lat' dir='ltr'><strong>instant.</strong></span> <span class='ocrx_word' id='word_1_168' title='bbox 2572 4290 2581 4299; x_wconf 92' lang='lat'>.</span> 
     </span>
     <span class='ocr_line' id='line_1_25' title="bbox 556 4364 2442 4463; baseline 0.001 -26"><span class='ocrx_word' id='word_1_169' title='bbox 556 4365 716 4455; x_wconf 86' lang='lat' dir='ltr'><strong>Ille,</strong></span> <span class='ocrx_word' id='word_1_170' title='bbox 763 4364 972 4436; x_wconf 87' lang='lat' dir='ltr'><strong>velut</strong></span> <span class='ocrx_word' id='word_1_171' title='bbox 1005 4388 1224 4461; x_wconf 90' lang='lat' dir='ltr'><strong>rupes</strong></span> <span class='ocrx_word' id='word_1_172' title='bbox 1259 4378 1548 4437; x_wconf 88' lang='lat' dir='ltr'><strong>vastum</strong></span> <span class='ocrx_word' id='word_1_173' title='bbox 1585 4390 1748 4461; x_wconf 83' lang='lat' dir='ltr'><strong>quae</strong></span> <span class='ocrx_word' id='word_1_174' title='bbox 1782 4365 2029 4463; x_wconf 88' lang='lat' dir='ltr'><strong>prodit</strong></span> <span class='ocrx_word' id='word_1_175' title='bbox 2060 4366 2141 4439; x_wconf 93' lang='lat' dir='ltr'><strong>in</strong></span> <span class='ocrx_word' id='word_1_176' title='bbox 2178 4391 2442 4463; x_wconf 86' lang='lat' dir='ltr'><strong>aequor,</strong></span> 
     </span>
    </p>

    <p class='ocr_par' dir='ltr' id='par_1_12' title="bbox 556 4499 2293 4600">
     <span class='ocr_line' id='line_1_26' title="bbox 556 4499 2293 4600; baseline -0.001 -23"><span class='ocrx_word' id='word_1_177' title='bbox 556 4502 802 4577; x_wconf 87' lang='lat' dir='ltr'><strong>Obvia</strong></span> <span class='ocrx_word' id='word_1_178' title='bbox 833 4514 1232 4575; x_wconf 83' lang='lat' dir='ltr'><strong>ventorum</strong></span> <span class='ocrx_word' id='word_1_179' title='bbox 1267 4499 1500 4591; x_wconf 88' lang='lat' dir='ltr'><strong>furiis,</strong></span> <span class='ocrx_word' id='word_1_180' title='bbox 1547 4513 2003 4599; x_wconf 81' lang='lat' dir='ltr'><strong>expostaque</strong></span> <span class='ocrx_word' id='word_1_181' title='bbox 2038 4515 2293 4600; x_wconf 83' lang='lat' dir='ltr'><strong>ponte,</strong></span> 
     </span>
    </p>
   </div>
   <div class='ocr_carea' id='block_1_3' title="bbox 556 4637 2705 4834">
    <p class='ocr_par' dir='ltr' id='par_1_13' title="bbox 556 4637 2705 4834">
     <span class='ocr_line' id='line_1_27' title="bbox 556 4637 2705 4739; baseline 0.001 -27"><span class='ocrx_word' id='word_1_182' title='bbox 556 4639 730 4712; x_wconf 92' lang='lat' dir='ltr'><strong>Vim</strong></span> <span class='ocrx_word' id='word_1_183' title='bbox 763 4650 1118 4711; x_wconf 82' lang='lat' dir='ltr'><strong>cunctam</strong></span> <span class='ocrx_word' id='word_1_184' title='bbox 1147 4650 1372 4734; x_wconf 80' lang='lat' dir='ltr'><strong>atque</strong></span> <span class='ocrx_word' id='word_1_185' title='bbox 1401 4638 1640 4711; x_wconf 82' lang='lat' dir='ltr'><strong>minas</strong></span> <span class='ocrx_word' id='word_1_186' title='bbox 1671 4637 1948 4736; x_wconf 80' lang='lat' dir='ltr'><strong>perfert</strong></span> <span class='ocrx_word' id='word_1_187' title='bbox 1976 4639 2287 4736; x_wconf 74' lang='lat' dir='ltr'><strong>coelique</strong></span> <span class='ocrx_word' id='word_1_188' title='bbox 2318 4641 2705 4739; x_wconf 69' lang='lat' dir='ltr'><strong>marisque,</strong></span> 
     </span>
     <span class='ocr_line' id='line_1_28' title="bbox 709 4788 2562 4834; baseline 0.001 -1"><span class='ocrx_word' id='word_1_189' title='bbox 709 4794 742 4833; x_wconf 68' lang='lat'>2</span> <span class='ocrx_word' id='word_1_190' title='bbox 2470 4794 2503 4833; x_wconf 83' lang='lat'>2</span> <span class='ocrx_word' id='word_1_191' title='bbox 2522 4788 2562 4834; x_wconf 88' lang='lat' dir='ltr'>C</span> 
     </span>
    </p>
   </div>
  </div>
 </body>
</html>
