3792 6234
696 981 766 1034 v.
804 959 970 1036 462.
1454 959 1838 1036 LIBER
1935 953 2114 1036 VII.
2761 973 2852 1046 91

698 1157 983 1256 Virgea
1012 1157 1443 1256 suggeritur
1478 1160 1699 1234 costis
1734 1159 2092 1234 undantis
2129 1158 2374 1250 aheni,

698 1295 1251 1394 Exsultantque
1284 1310 1477 1403 aestu·
1500 1299 1795 1372 latices:
1852 1297 2038 1371 furit
2074 1299 2274 1371 intus
2317 1297 2534 1394 aquai

700 1431 1051 1508 Fumidus
1090 1445 1315 1532 atque
1352 1436 1500 1509 alte
1536 1434 1811 1534 spumis
1849 1436 2217 1509 exuberat
2251 1433 2524 1508 amnis:

698 1568 923 1644 Nec
891 1595 1051 1670 Jam
1086 1597 1165 1646 se
1200 1573 1404 1671 capit
1436 1573 1679 1666 unda3
1736 1573 1942 1648 volat
1971 1597 2202 1672 vapor
2237 1584 2400 1647 ater
2434 1571 2528 1645 ad
2567 1595 2800 1645 auras.

697 1706 902 1808 Ergo
937 1709 1081 1784 iter
1114 1709 1207 1782 ad
1243 1733 1522 1810 regem,
1568 1712 1855 1809 polluta
1888 1733 2096 1809 pace,
2147 1709 2501 1784 Latinum

697 1845 984 1921 Indicit
1015 1846 1269 1946 primis
1291 1846 1682 1946 juvenum,
1731 1860 1808 1922 et
1830 1847 2052 1947 jubet
2087 1873 2294 1920 arma
2325 1847 2592 1945 parari,

694 1983 959 2059 Tutari
996 1985 1315 2077 Italiam,
1362 1985 1763 2060 detrudere
1798 1985 2068 2060 finibus
2101 1987 2430 2074 hostem;

695 2123 785 2196 Se
820 2123 995 2197 satis
1032 2124 1393 2198 ambobus
1419 2124 1877 2222 Teucrisque
1911 2123 2168 2198 venire
2205 2122 2655 2220 Latinisque.
2773 2215 2784 2224 ε

699 2260 880 2334 Haec
918 2261 1047 2334 ubi
1080 2261 1293 2336 dicta
1321 2261 1554 2355 dedit,
1603 2261 1958 2361 divosque
1995 2262 2071 2335 in
2107 2275 2286 2335 vota
2317 2262 2636 2353 vocavit,

699 2399 1067 2475 Certatim
1105 2425 1263 2475 sese
1300 2401 1562 2475 Rutuli
1601 2402 2099 2474 exhortantur
2133 2399 2211 2472 in
2249 2423 2472 2473 arma.

698 2537 928 2612 Hunc
962 2537 1195 2614 decus
1232 2539 1621 2640 egregium
1656 2537 1912 2612 formae
1946 2549 2197 2612 movet
2233 2547 2456 2635 atque
2478 2535 2833 2634 juventae,

697 2675 927 2750 Hunc
964 2677 1163 2752 atavi
1198 2703 1434 2776 reges,
1480 2679 1685 2751 hunc
1722 2676 1940 2751 claris
1973 2676 2290 2750 dextera
2320 2673 2560 2749 factis.

842 2813 1053 2888 Dum
1080 2814 1381 2889 Turnus
1411 2815 1727 2889 Rutulos
1762 2813 2028 2889 animis
2067 2812 2473 2888 audacibus
2507 2813 2786 2912 implet,

696 2947 994 3025 Allecto
1032 2951 1111 3026 in
1143 2951 1473 3028 Teucros
1507 2952 1784 3052 Stygiis
1821 2977 1901 3027 se
1938 2953 2271 3028 concitat
2306 2951 2458 3044 alis,

694 3089 883 3163 Arte
918 3115 1117 3164 nova
1150 3092 1533 3190 speculata
1564 3091 1817 3164 locum
1850 3114 2001 3188 quo
2032 3090 2286 3164 littore
2319 3090 2631 3189 pulcher

696 3225 995 3300 Insidiis
1034 3251 1405 3326 cursuque
1439 3227 1632 3302 feras
1669 3228 2007 3329 agitabat
2043 3227 2270 3302 Iulus.

697 3363 843 3437 Hic
880 3364 1206 3439 subitam
1242 3366 1553 3440 canibus
1589 3364 1873 3440 rabiem
1906 3365 2226 3463 Cocytia
2256 3364 2472 3464 virgo

697 3499 1003 3599 Objicit,
1052 3513 1129 3576 et
1162 3515 1348 3578 noto
1382 3527 1601 3578 nares
1637 3501 2017 3602 contingit
2049 3502 2296 3594 odore,

693 3637 806 3714 Ut
842 3663 1151 3716 cervum
1189 3641 1537 3716 ardentes
1574 3651 1926 3740 agerent:
1980 3665 2143 3738 quae
2175 3639 2414 3738 prima
2445 3639 2779 3714 laborum
2845 3647 2852 3654 “

699 3777 949 3859 Causa
980 3777 1148 3870 fuit,
1194 3779 1539 3877 belloque
1576 3778 1863 3852 animos
1900 3778 2253 3853 accendit
2285 3791 2632 3877 agrestes,

700 3915 987 3991 Cervus
1021 3929 1184 3990 erat
1216 3915 1459 3990 forma
1491 3917 1874 4015 praestanti
1909 3928 1987 3990 et
2021 3915 2371 3990 cornibus
2406 3914 2713 4014 ingens;

694 4053 1081 4150 Tyrrhidae
1114 4054 1327 4153 pueri
1364 4079 1587 4152 quem
1623 4054 1881 4128 matris
1919 4054 2012 4127 ab
2048 4052 2276 4128 ubere
2313 4064 2609 4152 raptum

696 4191 1139 4284 Nutribant‚
1178 4193 1701 4291 Tyrrhenaque
1734 4203 1969 4291 pater,
2018 4192 2140 4266 cui
2175 4191 2386 4291 regia
2419 4205 2686 4291 parent

696 4331 1084 4422 Armenta,
1133 4342 1210 4403 et
1241 4331 1395 4404 late
1434 4329 1774 4405 custodia
1807 4329 2096 4404 credita
2130 4330 2393 4428 campi.

696 4469 1101 4542 Assuetum
1139 4467 1463 4565 imperiis
1500 4493 1705 4542 soror
1736 4467 1941 4542 omni
1978 4465 2225 4564 Sylvia
2259 4490 2441 4539 cura

702 4603 1060 4680 Mollibus
1097 4605 1447 4680 intexens
1484 4605 1801 4698 ornabat
1836 4629 2122 4680 cornua
2155 4603 2389 4696 sertis„
